

<!DOCTYPE html PUBLIC "-//W3C//DTD XHTML 1.0 Transitional//EN" "http://www.w3.org/TR/xhtml1/DTD/xhtml1-transitional.dtd">

<html xmlns="http://www.w3.org/1999/xhtml" xml:lang="en" lang="en">



<!-- JSPPAGENAME:i18nInclude.jsp -->

<head>





<title>ASDA Groceries - Choose from our range-Frozen Fish & Seafood</title>
<meta name="keywords" content='Frozen Meat, Beef, Mince, Lamb, Pork, Sausages, Burgers, Grills, Poultry, Chicken Portions, Whole Chickens, Kievs, Lattices, Turkey, Frozen Fish, Seafood, Breaded, Battered, Fish Fingers, Fish in Sauce, Prawns, Scampi, Fish Pies, Bakes, Frozen Potatoes, Chips, Roast, Waffles, Prepared Potatoes, Vegetables, Rice, Peas, Petit Pois, Carrots, Beans, Sweetcorn, Broccoli, Cauliflower, Cabbage, Sprouts, Asparagus, Parsnip, Mushrooms, Onion Rings, Indian, Chinese, Italian, Mexican, American, Healthy Choice, Free From, Snacks, Frozen Pies, Pastry, Yorkshires, Pies, Yorkshire Puddings, Pizza, Thin, Crispy, Deep Pan, Stonebaked, Stuffed Crust, Calzone, Garlic Bread, Vegetarian, Meat-Free, Ready Meals, Meat Alternatives, Desserts, Cheesecakes, Gateaux, Meringues, Cakes, Desserts, Hot Puddings, Healthy Choice, Ice Cream, Lollies, Filled Cones, Ice Cream Bars, Ice Cream Desserts, Dessert Sauces, Wafers, Cornets, Cones, Healthy Choice, Ice Cubes, Party Foods, Savoury, Authentic World Foods, Asian, Eastern European, Caribbean, Kosher, Halal, American'/>

<meta name="description" content='ASDA Groceries Delivered To Your Door.-Frozen-Frozen Fish & Seafood'/>
<meta http-equiv="content-type" content="text/html; charset=UTF-8"/>
<meta http-equiv="content-language" content="en-gb" />
<meta name="language" content="english" />
<meta name="MSSmartTagsPreventParsing" content="true" />
<meta name="copyright" content="All Copyright ASDA" />
<meta http-equiv="imagetoolbar" content="false" />
<meta name="robots" content="index,follow" />
<meta name="Revisit-After" content="1 days" />


<link rel="stylesheet" href="http://i.groceries.asda.com:80/css/min/generic-asda-11.5.css?v1.12" type="text/css"/>
<link rel="stylesheet" href="http://i.groceries.asda.com:80/css/min/custom-asda-11.5.css?v1.23" type="text/css"/>
<!--[if IE 6]>
<link rel="stylesheet" href="http://i.groceries.asda.com:80/css/min/ie6.css?v1.1" type="text/css" media="all" />
<style type="text/css">
html    { overflow-x: hidden}
body    { padding-right: 1em }
</style>
<![endif]-->
<!--[if IE]>
<link rel="stylesheet" href="http://i.groceries.asda.com:80/css/min/ie.css?v1.0" type="text/css" media="all" />
<![endif]-->



<script src="http://i.groceries.asda.com:80/js/min/asdaEstore.js?v1.46" type="text/javascript"> </script>
<!--  STARTS :: SERVED BY PAGE CACHE :: STARTS ==/com/walmart/droplet/pagecache/ASDAEstoreNonProductPageCache<br>CACHE KEY  == MasterPageControl<br> --><style type="text/css">
#footer #ft-lastnav{
	color:#444444!important;
}
</style><!--  ENDS :: SERVED BY PAGE CACHE :: ENDS  --><!-- JSPPAGENAME:asdacontentinclude.jsp -->
<script type="text/javascript">
function wS(imgurl,alt)
{
var imgServer = "http://i.groceries.asda.com:80";
document.write('<img id="img" src="'+imgServer+imgurl+'" alt="'+alt+'" border="0"/>');
}
</script>
<!-- JSPPAGENAME:asdabrowsecssinclude.jsp -->

<script type="text/javascript">
if(window.parent.frames.length==0){
window.location.href="/asda-estore/catalog/sectionpagecontainer.jsp?departmentid=1214921923780&aisleid=1214921924776&maxItemsToBeShown=15&pageConfiguration=10000001&lastLogDetails=";
}
</script>



<!-- Maxymiser JavaScript      -->
<script type="text/javascript" src="//maxymiser.hs.llnwd.net/o36/asda/asdacom/js/mmcore.js"></script>
<!-- Maxymiser JavaScript ends -->


<!-- JSPPAGENAME:maxymiser-include.jsp -->
</head>









<!-- JSPPAGENAME:pageconfig.jspf -->


<body class="framed">
<div id="topbox" style="visibility: hidden;">
<div id="errormessage" >
<p class="proderrorhead"></p>
</div>
<p class="proderrorinstruc"><img src="http://i2-groceries.asda.com:80/images/icons/error_alert.gif"><span id="errortext"></span>
<span id="errormessagetodisp"></span></p>
<button type="submit" class="button width-em4 topmargin20" onclick="closeWindow()">
<span class="wrapper">
<span class="lefttop">
<span class="righttop">
<span class="leftbottom">
<span class="rightbottom">
<span class="buttoncopy">OK</span>
</span>
</span>
</span>
</span>
</span>
</button>
</div>
<div id="boxerror" style="visibility: hidden;"></div>











<form action="/asda-estore/catalog/anonymous-trolley-deliveryslot.jsp?_DARGS=/asda-estore/catalog/fragments/en_GB/emerchandisingview/addtotrolleyform.jsp" target="shoppingbasket" name="addtotrolleyform" method="post"><input value="UTF-8" type="hidden" name="_dyncharset"></input><input value="-5813353485339379250" type="hidden" name="_dynSessConf"></input>
<input type="hidden" name="pageConfigurationId" value="10000002"/>
<input type="hidden" name="currPageConfiguration" value="10000002"/>
<!-- session Time out -->
<input type="hidden" name="sessionTimeOutURL" value="/asda-estore/register/checkpostcodecontainer.jsp"/>
<!-- session Time out Ending -->
<input value="210" type="hidden" name="/atg/commerce/order/purchase/CartModifierFormHandler.itemValues.maxItemsInTrolley"><input value=" " type="hidden" name="_D:/atg/commerce/order/purchase/CartModifierFormHandler.itemValues.maxItemsInTrolley">
<input value="1" type="hidden" name="/atg/commerce/order/purchase/CartModifierFormHandler.itemValues.minEachQuantity"><input value=" " type="hidden" name="_D:/atg/commerce/order/purchase/CartModifierFormHandler.itemValues.minEachQuantity">
<input value="0.1" type="hidden" name="/atg/commerce/order/purchase/CartModifierFormHandler.itemValues.minWeightedQuantity"><input value=" " type="hidden" name="_D:/atg/commerce/order/purchase/CartModifierFormHandler.itemValues.minWeightedQuantity">
<input value="2" type="hidden" name="/atg/commerce/order/purchase/CartModifierFormHandler.itemValues.pharmacyRestriction"><input value=" " type="hidden" name="_D:/atg/commerce/order/purchase/CartModifierFormHandler.itemValues.pharmacyRestriction">
<input value="/asda-estore/register/checkpostcodecontainer.jsp" type="hidden" name="/atg/commerce/order/purchase/CartModifierFormHandler.SessionExpirationURL"><input value=" " type="hidden" name="_D:/atg/commerce/order/purchase/CartModifierFormHandler.SessionExpirationURL"><input value="browse" type="hidden" name="/atg/commerce/order/purchase/CartModifierFormHandler.itemValues.skuSource"><input value=" " type="hidden" name="_D:/atg/commerce/order/purchase/CartModifierFormHandler.itemValues.skuSource"><input value="/asda-estore/catalog/trolley-deliveryslot.jsp?pageConfiguration=10000002" type="hidden" name="/atg/commerce/order/purchase/CartModifierFormHandler.AddItemToOrderErrorURL"><input value=" " type="hidden" name="_D:/atg/commerce/order/purchase/CartModifierFormHandler.AddItemToOrderErrorURL">

<input value="/asda-estore/catalog/trolley-deliveryslot.jsp?pageConfiguration=10000002&addtocart=y" type="hidden" name="/atg/commerce/order/purchase/CartModifierFormHandler.AddItemToOrderSuccessURL"><input value=" " type="hidden" name="_D:/atg/commerce/order/purchase/CartModifierFormHandler.AddItemToOrderSuccessURL">

<input value="" type="hidden" name="/atg/commerce/order/purchase/CartModifierFormHandler.catalogRefIds" id="hidskuid"><input value=" " type="hidden" name="_D:/atg/commerce/order/purchase/CartModifierFormHandler.catalogRefIds"><input value="" type="hidden" name="/atg/commerce/order/purchase/CartModifierFormHandler.productId" id="hidproductid"><input value=" " type="hidden" name="_D:/atg/commerce/order/purchase/CartModifierFormHandler.productId"><input value="" type="hidden" name="/atg/commerce/order/purchase/CartModifierFormHandler.itemValues.promotionIndicator" id="hidpromoType"><input value=" " type="hidden" name="_D:/atg/commerce/order/purchase/CartModifierFormHandler.itemValues.promotionIndicator"><input value="" type="hidden" name="/atg/commerce/order/purchase/CartModifierFormHandler.itemValues.salesUnit" id="hidsalesUnit"><input value=" " type="hidden" name="_D:/atg/commerce/order/purchase/CartModifierFormHandler.itemValues.salesUnit"><input value="" type="hidden" name="/atg/commerce/order/purchase/CartModifierFormHandler.itemValues.isPharmacyRestricted" id="hidpharmRestrictions"><input value=" " type="hidden" name="_D:/atg/commerce/order/purchase/CartModifierFormHandler.itemValues.isPharmacyRestricted">
<input value="" type="hidden" name="/atg/commerce/order/purchase/CartModifierFormHandler.itemValues.itemLevelMaximum" id="hidmaxAllowedQty"><input value=" " type="hidden" name="_D:/atg/commerce/order/purchase/CartModifierFormHandler.itemValues.itemLevelMaximum">
<input value="" type="hidden" name="/atg/commerce/order/purchase/CartModifierFormHandler.itemValues.salesQuantity " id="hidsalesqty"><input value=" " type="hidden" name="_D:/atg/commerce/order/purchase/CartModifierFormHandler.itemValues.salesQuantity "><input value="" type="hidden" name="/atg/commerce/order/purchase/CartModifierFormHandler.itemValues.salesUom" id="hidsalesUom"><input value=" " type="hidden" name="_D:/atg/commerce/order/purchase/CartModifierFormHandler.itemValues.salesUom"><input value="" type="hidden" name="/atg/commerce/order/purchase/CartModifierFormHandler.selectedUom" id="hidunits"><input value=" " type="hidden" name="_D:/atg/commerce/order/purchase/CartModifierFormHandler.selectedUom"><input value="" type="hidden" name="/atg/commerce/order/purchase/CartModifierFormHandler.itemValues.avgQuantity" id="hidavgWeight"><input value=" " type="hidden" name="_D:/atg/commerce/order/purchase/CartModifierFormHandler.itemValues.avgQuantity"><input value="1" type="hidden" name="/atg/commerce/order/purchase/CartModifierFormHandler.quantity" id="hidquantity"><input value=" " type="hidden" name="_D:/atg/commerce/order/purchase/CartModifierFormHandler.quantity"><input value="0.0" type="hidden" name="/atg/commerce/order/purchase/CartModifierFormHandler.customQuantity" id="hidweighted"><input value=" " type="hidden" name="_D:/atg/commerce/order/purchase/CartModifierFormHandler.customQuantity">
<input value="Add To Cart" type="submit" style="display:none" name="addtocart" id="addSubmitButton1"><input value=" " type="hidden" name="_D:addtocart">
<input value="/asda-estore/catalog/fragments/en_GB/emerchandisingview/addtotrolleyform.jsp" type="hidden" name="_DARGS"></input></form>
<!-- JSPPAGENAME:addtotrolleyform.jsp -->



<ul class="accesskeys hideoffscreen">
<li><a href="/asda-estore/common/static/accessibilitycontainer.jsp" accesskey="0" target="_parent">Accessibility information</a></li>
<li><a href="/asda-estore/home/homecontainer.jsp" accesskey="1" target="_parent">Home</a></li>
<li><a href="/asda-estore/checkout/regularviewtrolleycontainer.jsp" accesskey="2" target="_parent">Shopping Trolley</a></li>
<li><a href="/asda-estore/search/searchbylistcontainer.jsp" accesskey="4" target="_parent">Search box</a></li>
<li><a href="/asda-estore/help/helppageslinkscontainer.jsp" accesskey="6" target="_parent">FAQ &amp; Help</a></li>
<li><a href="/asda-estore/common/static/terms-and-conditionscontainer.jsp" accesskey="8" target="_parent">Terms &amp; Conditions</a></li>
<li><a href="/asda-estore/help/getintouchcontainer.jsp" accesskey="9" target="_parent">Contact ASDA</a></li>
</ul>
<!-- JSPPAGENAME:asdaaccesskeyforframes.jsp -->


<!-- Added for heading hierarchy, Rajesh - 02-07-08 -->
<h1 class="hideoffscreen">ASDA Home Shopping, Groceries Online, online grocery range, food online</h1>
<!-- Added for heading hierarchy, Rajesh - 02-07-08 -->
<a name="middleframe" id="middleframe"> </a>









<!-- JSPPAGENAME:i18nInclude.jsp -->




<div id="breadcrumb" class="left">
<ul>
<li><a href="/asda-estore" target="_top">Home</a> </li>





<li><a href="../catalog/sectionpagecontainer.jsp?departmentid=1214921923780&navAction=pop" target="_top">
Frozen</a></li>




<li class="on">
Frozen Fish &amp; Seafood</li>

</ul>
</div>
<!-- JSPPAGENAME:breadcrumbs.jsp -->




<div class="dropbelow"></div>








<!-- JSPPAGENAME:i18nInclude.jsp -->






<!-- JSPPAGENAME:asdalastloggedinmessage.jsp -->



<span id="productdetail" style="display:none">
<span id="pagelevelmsg">
</span>
</span>








<form action="/asda-estore/catalog/trolley-deliveryslot.jsp?pageConfiguration=10000002&_DARGS=/asda-estore/catalog/fragments/en_GB/asdabanneraddtocart.jsp.BannerForm" target="_parent" name="BannerForm" method="post" id="BannerForm"><input value="UTF-8" type="hidden" name="_dyncharset"></input><input value="-5813353485339379250" type="hidden" name="_dynSessConf"></input>
<input value="" type="hidden" name="/atg/commerce/order/purchase/CartModifierFormHandler.catalogRefIds" id="skuIdFromCMS"><input value=" " type="hidden" name="_D:/atg/commerce/order/purchase/CartModifierFormHandler.catalogRefIds"><input value="cmsAddToCart" type="hidden" name="/atg/commerce/order/purchase/CartModifierFormHandler.itemValues.skuSource"><input value=" " type="hidden" name="_D:/atg/commerce/order/purchase/CartModifierFormHandler.itemValues.skuSource"><input value="1" type="hidden" name="/atg/commerce/order/purchase/CartModifierFormHandler.quantity"><input value=" " type="hidden" name="_D:/atg/commerce/order/purchase/CartModifierFormHandler.quantity"><input value="/asda-estore/catalog/trolley-deliveryslot.jsp?pageConfiguration=10000002" type="hidden" name="/atg/commerce/order/purchase/CartModifierFormHandler.AddItemToOrderSuccessURL"><input value=" " type="hidden" name="_D:/atg/commerce/order/purchase/CartModifierFormHandler.AddItemToOrderSuccessURL"><input value="/asda-estore/register/checkpostcodecontainer.jsp" type="hidden" name="/atg/commerce/order/purchase/CartModifierFormHandler.AddItemToOrderErrorURL"><input value=" " type="hidden" name="_D:/atg/commerce/order/purchase/CartModifierFormHandler.AddItemToOrderErrorURL"><input value="210" type="hidden" name="/atg/commerce/order/purchase/CartModifierFormHandler.itemValues.maxItemsInTrolley"><input value=" " type="hidden" name="_D:/atg/commerce/order/purchase/CartModifierFormHandler.itemValues.maxItemsInTrolley">
<input value="1" type="hidden" name="/atg/commerce/order/purchase/CartModifierFormHandler.itemValues.minEachQuantity"><input value=" " type="hidden" name="_D:/atg/commerce/order/purchase/CartModifierFormHandler.itemValues.minEachQuantity">
<input value="50" type="hidden" name="/atg/commerce/order/purchase/CartModifierFormHandler.itemValues.maxQuantity"><input value=" " type="hidden" name="_D:/atg/commerce/order/purchase/CartModifierFormHandler.itemValues.maxQuantity">
<input value="2" type="hidden" name="/atg/commerce/order/purchase/CartModifierFormHandler.itemValues.pharmacyRestriction"><input value=" " type="hidden" name="_D:/atg/commerce/order/purchase/CartModifierFormHandler.itemValues.pharmacyRestriction">
<input value="submit" type="hidden" name="/atg/commerce/order/purchase/CartModifierFormHandler.addItemToOrder"><input value=" " type="hidden" name="_D:/atg/commerce/order/purchase/CartModifierFormHandler.addItemToOrder"><input value="/asda-estore/catalog/fragments/en_GB/asdabanneraddtocart.jsp.BannerForm" type="hidden" name="_DARGS"></input></form><!-- JSPPAGENAME:asdabanneraddtocart.jsp -->
<!--  STARTS :: SERVED BY PAGE CACHE :: STARTS ==/com/walmart/droplet/pagecache/ASDAEstoreNonProductPageCache<br>CACHE KEY  == 1214921924776IM_Aisle<br> --><div class ="deptCMS">
<!-- Instructions

1. Replace 110622_BackUp_Frozen_Aisle with tracking code - date(US)_Shelf_Product - 090124_Shelf_finishMax
2. Replace background, left and right images - http://i.groceries.asda.com/mediaimages/FTPfolder/ImageName.Extention 
3. Replace zzzzzz with full link - http://groceries.asda.com/asda-estore/banneroffers/banneroffercontainer.jsp?listId=1214958846851
4. Replace yyyyyy with alt tag 
--><!-- Copy from here --><SCRIPT language=Javascript type=text/javascript>
function Banner110622_BackUp_Frozen_Aisle(){
var s=s_gi('wmiasdaprod');
s.linkTrackVars='eVar13,events,products';
s.linkTrackEvents='event14';
s.events='event14';
s.eVar13="110622_BackUp_Frozen_Aisle";
s.tl(true,'o','Banner110622_BackUp_Frozen_Aisle');
}
</SCRIPT><style type="text/css">











<!--
#dept_banner100120{
	margin:5px 10px 5px 0;
	padding:0;
	min-width: 695px;
	height:105px;
	background-color:white;
	background: url(http://i.groceries.asda.com/mediaimages/SPF/Aisle_Back.png) repeat-x center;
	}
#dept_banner100120 img{
	margin: 0px -5px 0px -3px;
}

--></style>
<div id="dept_banner100120"><a onclick="javascript:Banner110622_BackUp_Frozen_Aisle()" target="_parent" href="http://groceries.asda.com/asda-estore/specialoffers/linksavecontainer.jsp?promoId=ls62653"><img border="0" alt="Frozen" align="left" src="http://i.groceries.asda.com/mediaimages/SPF/110622_BackUp_Frozen_Aisle_01.jpg" /> <img border="0" alt="Frozen" align="right" src="http://i.groceries.asda.com/mediaimages/SPF/110622_BackUp_Frozen_Aisle_02.jpg" /></a></div>
<div class="dropbelow"></div></div>
<!--  ENDS :: SERVED BY PAGE CACHE :: ENDS  -->










<form action="/asda-estore/catalog/facetredirect.jsp?_DARGS=/asda-estore/catalog/emerchandising_range.jsp" target="maincontent" name="facet_navigation_form" method="post" id="facet_navigation_form"><input value="UTF-8" type="hidden" name="_dyncharset"></input><input value="-5813353485339379250" type="hidden"></input><input value="Department" type="hidden" name="deptConfigName" id="deptConfigName"><input value=" " type="hidden" name="_D:deptConfigName"><input value="Aisle" type="hidden" name="aisleConfigName" id="aisleConfigName"><input value=" " type="hidden" name="_D:aisleConfigName"><input value="Shelves" type="hidden" name="shelfConfigName" id="shelfConfigName"><input value=" " type="hidden" name="_D:shelfConfigName"><input type="hidden" name="pageConfiguration" id="pageConfiguration" value="10000001"/>
<input type="hidden" name="aisleid" id="aisleid" value="1214921924776"/>
<input type="hidden" name="departmentid" id="departmentid" value="1214921923780"/>
<input type="hidden" name="removeFacet" id="removeFacet" value=""/>
<input type="hidden" id="searchresultview" name="searchresultview" value="true"/>

<input type="hidden" name="dispLimit" id="dispLimit" value="6"/>
<input type="hidden" id="pagenum" name="pagenum" value="0"/>
<input type="hidden" name="trail" id="trail" value=""/>
<input type="hidden" name="catRC" id="catRC" value="null"/>
<input type="hidden" name="addFacet" id="addFacet1" value="null"/>
<input type="hidden" name="clickLevel" id="clickLevel" value="Aisle"/>
<input type="hidden" name="myDepartment" id="myDepartment" value="null"/>
<input type="hidden" name="myAisle" id="myAisle" value="null"/>
<input type="hidden" name="myFirstfacet" id="myFirstfacet" value="null"/>
<input type="hidden" name="mySecondfacet" id="mySecondfacet" value="null"/>
<input type="hidden" name="myThirdfacet" id="myThirdfacet" value="null"/>
<input type="hidden" name="myFourthfacet" id="myFourthfacet" value="null"/>
<input type="hidden" name="lastLevelFlag" id="lastLevelFlag" value="null"/>
<input type="hidden" name="start" id="start" value="0"/>
<input type="hidden" name="isFirstFacet1" id="isFirstFacet1" value="yes"/>
<input type="hidden" name="isFirstFacet2" id="isFirstFacet2" value="yes"/>
<input type="hidden" name="isFirstFacet3" id="isFirstFacet3" value="yes"/>
<input type="hidden" name="isFirstFacet4" id="isFirstFacet4" value="yes"/>

<input type="hidden" name="maxItemsToBeShown" id="maxItemsToBeShown"
value="15"/>

<input type="hidden" id="from" name="from" value="browse">
<input type="hidden" name="firstLevelTrail" value="space" id="firstLevelTrail"/>
<input type="hidden" name="secondLevelTrail" value="space" id="secondLevelTrail"/>
<input type="hidden" name="thirdLevelTrail" value="space" id="thirdLevelTrail"/>
<input type="hidden" name="fourthLevelTrail" value="space" id="fourthLevelTrail"/>












<!-- JSPPAGENAME:i18nInclude.jsp -->


<input type="hidden" name="firstFacetLabel" value="Shelves" id="firstFacetLabel"/>
<input type="hidden" name="secondFacetLabel" value="Brand"  id="secondFacetLabel"/>
<input type="hidden" name="thirdFacetLabel" value="Type" id="thirdFacetLabel"/>
<input type="hidden" name="fourthFacetLabel" value="Style" id="fourthFacetLabel"/>

<div id="productsnav">
<h3 class="hideoffscreen">Facet Navigation</h3>
<div class="facetfix"> </div>
<div id="facetWrap" class="leftmargin10">







&nbsp;<div class="facet"><a href="#" class="all"></a><h4>Shelves</h4
>
<ul>
<input type="hidden" id="trailnumb11" name="trailnumb11" value="" /><input type="hidden" name="addFacetnumb11" id="addFacetnumb11"  value="5731:Fish Fingers & Kids" /><input type="hidden" id="trailnumb12" name="trailnumb12" value="" /><input type="hidden" name="addFacetnumb12" id="addFacetnumb12"  value="5731:Breaded" /><input type="hidden" id="trailnumb13" name="trailnumb13" value="" /><input type="hidden" name="addFacetnumb13" id="addFacetnumb13"  value="5731:Natural" /><input type="hidden" id="trailnumb14" name="trailnumb14" value="" /><input type="hidden" name="addFacetnumb14" id="addFacetnumb14"  value="5731:Prawns & Scampi" /><input type="hidden" id="trailnumb15" name="trailnumb15" value="" /><input type="hidden" name="addFacetnumb15" id="addFacetnumb15"  value="5731:Battered" /><input type="hidden" id="trailnumb16" name="trailnumb16" value="" /><input type="hidden" name="addFacetnumb16" id="addFacetnumb16"  value="5731:Fish in Sauce" /><input type="hidden" id="trailnumb17" name="trailnumb17" value="" /><input type="hidden" name="addFacetnumb17" id="addFacetnumb17"  value="5731:Fish Pies & Bakes" /><input type="hidden" id="trailnumb18" name="trailnumb18" value="" /><input type="hidden" name="addFacetnumb18" id="addFacetnumb18"  value="5731:Seafood" /><li id="facetline3"><a href="javascript:submitFacetNavForm('trailnumb11','addFacetnumb11','Shelves')" title="Fish Fingers & Kids" id="facetName11">
Fish Fingers & Kid... (23)
</a>

<!-- JSPPAGENAME:facetValue.jsp -->
</li><li id="facetline4"><a href="javascript:submitFacetNavForm('trailnumb12','addFacetnumb12','Shelves')" title="Breaded" id="facetName12">
Breaded (19)
</a>

<!-- JSPPAGENAME:facetValue.jsp -->
</li><li id="facetline5"><a href="javascript:submitFacetNavForm('trailnumb13','addFacetnumb13','Shelves')" title="Natural" id="facetName13">
Natural (18)
</a>

<!-- JSPPAGENAME:facetValue.jsp -->
</li><li id="facetline6"><a href="javascript:submitFacetNavForm('trailnumb14','addFacetnumb14','Shelves')" title="Prawns & Scampi" id="facetName14">
Prawns & Scampi (18)
</a>

<!-- JSPPAGENAME:facetValue.jsp -->
</li><li id="facetline7"><a href="javascript:submitFacetNavForm('trailnumb15','addFacetnumb15','Shelves')" title="Battered" id="facetName15">
Battered (17)
</a>

<!-- JSPPAGENAME:facetValue.jsp -->
</li></ul><select id="moreFacetCombo"  onchange="javascript:placeFacet(this,'2')"
><option  value="">View more types</option><option value="javascript:submitFacetNavForm(&#039;trailnumb16&#039;, &#039;addFacetnumb16&#039;, &#039;Shelves&#039;);"

>
<a href="javascript:submitFacetNavForm('trailnumb16','addFacetnumb16','null')" title="Fish in Sauce" id="facetName16">
Fish in Sauce (7)
</a>

<!-- JSPPAGENAME:facetValue.jsp -->
</option><option value="javascript:submitFacetNavForm(&#039;trailnumb17&#039;, &#039;addFacetnumb17&#039;, &#039;Shelves&#039;);"

>
<a href="javascript:submitFacetNavForm('trailnumb17','addFacetnumb17','null')" title="Fish Pies & Bakes" id="facetName17">
Fish Pies & Bakes (3)
</a>

<!-- JSPPAGENAME:facetValue.jsp -->
</option><option value="javascript:submitFacetNavForm(&#039;trailnumb18&#039;, &#039;addFacetnumb18&#039;, &#039;Shelves&#039;);"

>
<a href="javascript:submitFacetNavForm('trailnumb18','addFacetnumb18','null')" title="Seafood" id="facetName18">
Seafood (3)
</a>

<!-- JSPPAGENAME:facetValue.jsp -->
</option></select></div>
<!-- JSPPAGENAME:actual_display.jsp -->









&nbsp;<div class="facet"><a href="#" class="all"></a><h4>Brand</h4
>
<ul>
<input type="hidden" id="trailnumb21" name="trailnumb21" value="" /><input type="hidden" name="addFacetnumb21" id="addFacetnumb21"  value="5734:ASDA" /><input type="hidden" id="trailnumb22" name="trailnumb22" value="" /><input type="hidden" name="addFacetnumb22" id="addFacetnumb22"  value="5734:Birds Eye" /><input type="hidden" id="trailnumb23" name="trailnumb23" value="" /><input type="hidden" name="addFacetnumb23" id="addFacetnumb23"  value="5734:Youngs" /><input type="hidden" id="trailnumb24" name="trailnumb24" value="" /><input type="hidden" name="addFacetnumb24" id="addFacetnumb24"  value="5734:ASDA Extra Special" /><input type="hidden" id="trailnumb25" name="trailnumb25" value="" /><input type="hidden" name="addFacetnumb25" id="addFacetnumb25"  value="5734:Jamie Oliver" /><input type="hidden" id="trailnumb26" name="trailnumb26" value="" /><input type="hidden" name="addFacetnumb26" id="addFacetnumb26"  value="5734:ASDA Smartprice" /><input type="hidden" id="trailnumb27" name="trailnumb27" value="" /><input type="hidden" name="addFacetnumb27" id="addFacetnumb27"  value="5734:Jus-Like" /><input type="hidden" id="trailnumb28" name="trailnumb28" value="" /><input type="hidden" name="addFacetnumb28" id="addFacetnumb28"  value="5734:Whitby Seafoods" /><li id="facetline3"><a href="javascript:submitFacetNavForm('trailnumb21','addFacetnumb21','Brand')" title="ASDA" id="facetName21">
ASDA (34)
</a>

<!-- JSPPAGENAME:facetValue.jsp -->
</li><li id="facetline4"><a href="javascript:submitFacetNavForm('trailnumb22','addFacetnumb22','Brand')" title="Birds Eye" id="facetName22">
Birds Eye (30)
</a>

<!-- JSPPAGENAME:facetValue.jsp -->
</li><li id="facetline5"><a href="javascript:submitFacetNavForm('trailnumb23','addFacetnumb23','Brand')" title="Youngs" id="facetName23">
Youngs (28)
</a>

<!-- JSPPAGENAME:facetValue.jsp -->
</li><li id="facetline6"><a href="javascript:submitFacetNavForm('trailnumb24','addFacetnumb24','Brand')" title="ASDA Extra Special" id="facetName24">
ASDA Extra Special (6)
</a>

<!-- JSPPAGENAME:facetValue.jsp -->
</li><li id="facetline7"><a href="javascript:submitFacetNavForm('trailnumb25','addFacetnumb25','Brand')" title="Jamie Oliver" id="facetName25">
Jamie Oliver (5)
</a>

<!-- JSPPAGENAME:facetValue.jsp -->
</li></ul><select id="moreFacetCombo"  onchange="javascript:placeFacet(this,'2')"
><option  value="">View more types</option><option value="javascript:submitFacetNavForm(&#039;trailnumb26&#039;, &#039;addFacetnumb26&#039;, &#039;Brand&#039;);"

>
<a href="javascript:submitFacetNavForm('trailnumb26','addFacetnumb26','null')" title="ASDA Smartprice" id="facetName26">
ASDA Smartprice (3)
</a>

<!-- JSPPAGENAME:facetValue.jsp -->
</option><option value="javascript:submitFacetNavForm(&#039;trailnumb27&#039;, &#039;addFacetnumb27&#039;, &#039;Brand&#039;);"

>
<a href="javascript:submitFacetNavForm('trailnumb27','addFacetnumb27','null')" title="Jus-Like" id="facetName27">
Jus-Like (1)
</a>

<!-- JSPPAGENAME:facetValue.jsp -->
</option><option value="javascript:submitFacetNavForm(&#039;trailnumb28&#039;, &#039;addFacetnumb28&#039;, &#039;Brand&#039;);"

>
<a href="javascript:submitFacetNavForm('trailnumb28','addFacetnumb28','null')" title="Whitby Seafoods" id="facetName28">
Whitby Seafoods (1)
</a>

<!-- JSPPAGENAME:facetValue.jsp -->
</option></select></div>
<!-- JSPPAGENAME:actual_display.jsp -->


&nbsp;<div class="facet"><a href="#" class="all"></a><h4>Type</h4
>
<ul>
<input type="hidden" id="trailnumb31" name="trailnumb31" value="" /><input type="hidden" name="addFacetnumb31" id="addFacetnumb31"  value="5732:Fillets" /><input type="hidden" id="trailnumb32" name="trailnumb32" value="" /><input type="hidden" name="addFacetnumb32" id="addFacetnumb32"  value="5732:Fish Fingers" /><input type="hidden" id="trailnumb33" name="trailnumb33" value="" /><input type="hidden" name="addFacetnumb33" id="addFacetnumb33"  value="5732:Prawns" /><input type="hidden" id="trailnumb34" name="trailnumb34" value="" /><input type="hidden" name="addFacetnumb34" id="addFacetnumb34"  value="5732:Portions" /><input type="hidden" id="trailnumb35" name="trailnumb35" value="" /><input type="hidden" name="addFacetnumb35" id="addFacetnumb35"  value="5732:Scampi" /><input type="hidden" id="trailnumb36" name="trailnumb36" value="" /><input type="hidden" name="addFacetnumb36" id="addFacetnumb36"  value="5732:Cod" /><input type="hidden" id="trailnumb37" name="trailnumb37" value="" /><input type="hidden" name="addFacetnumb37" id="addFacetnumb37"  value="5732:Fish Cakes" /><input type="hidden" id="trailnumb38" name="trailnumb38" value="" /><input type="hidden" name="addFacetnumb38" id="addFacetnumb38"  value="5732:Haddock" /><input type="hidden" id="trailnumb39" name="trailnumb39" value="" /><input type="hidden" name="addFacetnumb39" id="addFacetnumb39"  value="5732:Fish Shapes" /><input type="hidden" id="trailnumb310" name="trailnumb310" value="" /><input type="hidden" name="addFacetnumb310" id="addFacetnumb310"  value="5732:Mussels" /><input type="hidden" id="trailnumb311" name="trailnumb311" value="" /><input type="hidden" name="addFacetnumb311" id="addFacetnumb311"  value="5732:Pollock" /><input type="hidden" id="trailnumb312" name="trailnumb312" value="" /><input type="hidden" name="addFacetnumb312" id="addFacetnumb312"  value="5732:Salmon" /><input type="hidden" id="trailnumb313" name="trailnumb313" value="" /><input type="hidden" name="addFacetnumb313" id="addFacetnumb313"  value="5732:Scallops" /><li id="facetline3"><a href="javascript:submitFacetNavForm('trailnumb31','addFacetnumb31','Type')" title="Fillets" id="facetName31">
Fillets (37)
</a>

<!-- JSPPAGENAME:facetValue.jsp -->
</li><li id="facetline4"><a href="javascript:submitFacetNavForm('trailnumb32','addFacetnumb32','Type')" title="Fish Fingers" id="facetName32">
Fish Fingers (21)
</a>

<!-- JSPPAGENAME:facetValue.jsp -->
</li><li id="facetline5"><a href="javascript:submitFacetNavForm('trailnumb33','addFacetnumb33','Type')" title="Prawns" id="facetName33">
Prawns (12)
</a>

<!-- JSPPAGENAME:facetValue.jsp -->
</li><li id="facetline6"><a href="javascript:submitFacetNavForm('trailnumb34','addFacetnumb34','Type')" title="Portions" id="facetName34">
Portions (10)
</a>

<!-- JSPPAGENAME:facetValue.jsp -->
</li><li id="facetline7"><a href="javascript:submitFacetNavForm('trailnumb35','addFacetnumb35','Type')" title="Scampi" id="facetName35">
Scampi (6)
</a>

<!-- JSPPAGENAME:facetValue.jsp -->
</li></ul><select id="moreFacetCombo"  onchange="javascript:placeFacet(this,'2')"
><option  value="">View more types</option><option value="javascript:submitFacetNavForm(&#039;trailnumb36&#039;, &#039;addFacetnumb36&#039;, &#039;Type&#039;);"

>
<a href="javascript:submitFacetNavForm('trailnumb36','addFacetnumb36','null')" title="Cod" id="facetName36">
Cod (4)
</a>

<!-- JSPPAGENAME:facetValue.jsp -->
</option><option value="javascript:submitFacetNavForm(&#039;trailnumb37&#039;, &#039;addFacetnumb37&#039;, &#039;Type&#039;);"

>
<a href="javascript:submitFacetNavForm('trailnumb37','addFacetnumb37','null')" title="Fish Cakes" id="facetName37">
Fish Cakes (4)
</a>

<!-- JSPPAGENAME:facetValue.jsp -->
</option><option value="javascript:submitFacetNavForm(&#039;trailnumb38&#039;, &#039;addFacetnumb38&#039;, &#039;Type&#039;);"

>
<a href="javascript:submitFacetNavForm('trailnumb38','addFacetnumb38','null')" title="Haddock" id="facetName38">
Haddock (2)
</a>

<!-- JSPPAGENAME:facetValue.jsp -->
</option><option value="javascript:submitFacetNavForm(&#039;trailnumb39&#039;, &#039;addFacetnumb39&#039;, &#039;Type&#039;);"

>
<a href="javascript:submitFacetNavForm('trailnumb39','addFacetnumb39','null')" title="Fish Shapes" id="facetName39">
Fish Shapes (1)
</a>

<!-- JSPPAGENAME:facetValue.jsp -->
</option><option value="javascript:submitFacetNavForm(&#039;trailnumb310&#039;, &#039;addFacetnumb310&#039;, &#039;Type&#039;);"

>
<a href="javascript:submitFacetNavForm('trailnumb310','addFacetnumb310','null')" title="Mussels" id="facetName310">
Mussels (1)
</a>

<!-- JSPPAGENAME:facetValue.jsp -->
</option><option value="javascript:submitFacetNavForm(&#039;trailnumb311&#039;, &#039;addFacetnumb311&#039;, &#039;Type&#039;);"

>
<a href="javascript:submitFacetNavForm('trailnumb311','addFacetnumb311','null')" title="Pollock" id="facetName311">
Pollock (1)
</a>

<!-- JSPPAGENAME:facetValue.jsp -->
</option><option value="javascript:submitFacetNavForm(&#039;trailnumb312&#039;, &#039;addFacetnumb312&#039;, &#039;Type&#039;);"

>
<a href="javascript:submitFacetNavForm('trailnumb312','addFacetnumb312','null')" title="Salmon" id="facetName312">
Salmon (1)
</a>

<!-- JSPPAGENAME:facetValue.jsp -->
</option><option value="javascript:submitFacetNavForm(&#039;trailnumb313&#039;, &#039;addFacetnumb313&#039;, &#039;Type&#039;);"

>
<a href="javascript:submitFacetNavForm('trailnumb313','addFacetnumb313','null')" title="Scallops" id="facetName313">
Scallops (1)
</a>

<!-- JSPPAGENAME:facetValue.jsp -->
</option></select></div>
<!-- JSPPAGENAME:actual_display.jsp -->


&nbsp;<div class="facet"><a href="#" class="all"></a><h4>Style</h4
>
<ul>
<input type="hidden" id="trailnumb41" name="trailnumb41" value="" /><input type="hidden" name="addFacetnumb41" id="addFacetnumb41"  value="5733:Breaded" /><input type="hidden" id="trailnumb42" name="trailnumb42" value="" /><input type="hidden" name="addFacetnumb42" id="addFacetnumb42"  value="5733:Butter Sauce" /><input type="hidden" id="trailnumb43" name="trailnumb43" value="" /><input type="hidden" name="addFacetnumb43" id="addFacetnumb43"  value="5733:Glazed" /><input type="hidden" id="trailnumb44" name="trailnumb44" value="" /><input type="hidden" name="addFacetnumb44" id="addFacetnumb44"  value="5733:Uncooked" /><input type="hidden" id="trailnumb45" name="trailnumb45" value="" /><input type="hidden" name="addFacetnumb45" id="addFacetnumb45"  value="5733:Cooked" /><input type="hidden" id="trailnumb46" name="trailnumb46" value="" /><input type="hidden" name="addFacetnumb46" id="addFacetnumb46"  value="5733:Parsley Sauce" /><li id="facetline3"><a href="javascript:submitFacetNavForm('trailnumb41','addFacetnumb41','Style')" title="Breaded" id="facetName41">
Breaded (6)
</a>

<!-- JSPPAGENAME:facetValue.jsp -->
</li><li id="facetline4"><a href="javascript:submitFacetNavForm('trailnumb42','addFacetnumb42','Style')" title="Butter Sauce" id="facetName42">
Butter Sauce (4)
</a>

<!-- JSPPAGENAME:facetValue.jsp -->
</li><li id="facetline5"><a href="javascript:submitFacetNavForm('trailnumb43','addFacetnumb43','Style')" title="Glazed" id="facetName43">
Glazed (4)
</a>

<!-- JSPPAGENAME:facetValue.jsp -->
</li><li id="facetline6"><a href="javascript:submitFacetNavForm('trailnumb44','addFacetnumb44','Style')" title="Uncooked" id="facetName44">
Uncooked (4)
</a>

<!-- JSPPAGENAME:facetValue.jsp -->
</li><li id="facetline7"><a href="javascript:submitFacetNavForm('trailnumb45','addFacetnumb45','Style')" title="Cooked" id="facetName45">
Cooked (2)
</a>

<!-- JSPPAGENAME:facetValue.jsp -->
</li></ul><select id="moreFacetCombo"  onchange="javascript:placeFacet(this,'2')"
><option  value="">View more types</option><option value="javascript:submitFacetNavForm(&#039;trailnumb46&#039;, &#039;addFacetnumb46&#039;, &#039;Style&#039;);"

>
<a href="javascript:submitFacetNavForm('trailnumb46','addFacetnumb46','null')" title="Parsley Sauce" id="facetName46">
Parsley Sauce (1)
</a>

<!-- JSPPAGENAME:facetValue.jsp -->
</option></select></div>
<!-- JSPPAGENAME:actual_display.jsp -->
</div>
</div>
<!-- JSPPAGENAME:guided_nav.jsp -->




<input type="hidden" id="clickedFacetNav"  name="clickedFacetNav" value=""/>
<input type="hidden" id="function"  name="function" value=""/>
<input type="hidden" id="hideshlfid"  name="hideshlfid" value=""/>



<input type="hidden" id="browsePreference"  name="browsePreference" value="null"/>
<input value="/asda-estore/catalog/emerchandising_range.jsp" type="hidden" name="_DARGS"></input></form>
<div class="dropbelow"></div>
















<link rel="stylesheet" href="http://i1-groceries.asda.com:80custom-asda-11.5.css?v1.23" type="text/css" />
<script src="http://i.groceries.asda.com:80/js/s_code.js?v1.4" type="text/javascript"> </script>









<form action="/asda-estore/catalog/rangepagecontainer.jsp?departmentid=1214921923780&aisleid=1214921924776&maxItemsToBeShown=15&pageConfiguration=10000001&lastLogDetails=&_DARGS=/asda-estore/catalog/fragments/en_GB/asdacmsaddtocart.jsp.CMSFORM" target="_parent" name="CMSFORM" method="post" id="CMSFORM"><input value="UTF-8" type="hidden" name="_dyncharset"></input><input value="-5813353485339379250" type="hidden" name="_dynSessConf"></input>
<input value="" type="hidden" name="/atg/commerce/order/purchase/CartModifierFormHandler.catalogRefIds" id="skuIdFromCMS"><input value=" " type="hidden" name="_D:/atg/commerce/order/purchase/CartModifierFormHandler.catalogRefIds"><input value="cmsAddToCart" type="hidden" name="/atg/commerce/order/purchase/CartModifierFormHandler.itemValues.skuSource"><input value=" " type="hidden" name="_D:/atg/commerce/order/purchase/CartModifierFormHandler.itemValues.skuSource"><input value="1" type="hidden" name="/atg/commerce/order/purchase/CartModifierFormHandler.quantity"><input value=" " type="hidden" name="_D:/atg/commerce/order/purchase/CartModifierFormHandler.quantity"><input value="/asda-estore/catalog/rangepagecontainer.jsp?departmentid=1214921923780&aisleid=1214921924776&maxItemsToBeShown=15&pageConfiguration=10000001&lastLogDetails=" type="hidden" name="/atg/commerce/order/purchase/CartModifierFormHandler.AddItemToOrderSuccessURL"><input value=" " type="hidden" name="_D:/atg/commerce/order/purchase/CartModifierFormHandler.AddItemToOrderSuccessURL"><input value="/asda-estore/register/checkpostcodecontainer.jsp" type="hidden" name="/atg/commerce/order/purchase/CartModifierFormHandler.AddItemToOrderErrorURL"><input value=" " type="hidden" name="_D:/atg/commerce/order/purchase/CartModifierFormHandler.AddItemToOrderErrorURL"><input value="210" type="hidden" name="/atg/commerce/order/purchase/CartModifierFormHandler.itemValues.maxItemsInTrolley"><input value=" " type="hidden" name="_D:/atg/commerce/order/purchase/CartModifierFormHandler.itemValues.maxItemsInTrolley">
<input value="1" type="hidden" name="/atg/commerce/order/purchase/CartModifierFormHandler.itemValues.minEachQuantity"><input value=" " type="hidden" name="_D:/atg/commerce/order/purchase/CartModifierFormHandler.itemValues.minEachQuantity">
<input value="50" type="hidden" name="/atg/commerce/order/purchase/CartModifierFormHandler.itemValues.maxQuantity"><input value=" " type="hidden" name="_D:/atg/commerce/order/purchase/CartModifierFormHandler.itemValues.maxQuantity">
<input value="2" type="hidden" name="/atg/commerce/order/purchase/CartModifierFormHandler.itemValues.pharmacyRestriction"><input value=" " type="hidden" name="_D:/atg/commerce/order/purchase/CartModifierFormHandler.itemValues.pharmacyRestriction">
<input value="submit" type="hidden" name="/atg/commerce/order/purchase/CartModifierFormHandler.addItemToOrder"><input value=" " type="hidden" name="_D:/atg/commerce/order/purchase/CartModifierFormHandler.addItemToOrder"><input value="/asda-estore/catalog/fragments/en_GB/asdacmsaddtocart.jsp.CMSFORM" type="hidden" name="_DARGS"></input></form><!-- JSPPAGENAME:asdacmsaddtocart.jsp -->





<!-- JSPPAGENAME:viewtemplateinit.jspf -->


<!-- JSPPAGENAME:skuinTrolley_static.jspf -->





























<div class="deviderShelves"></div>
<div class="pagcont leftmargin10">
<table width="100%"><tr>













<td>
<div class="pagenationLeft">
Showing&nbsp;1-15
&nbsp;of&nbsp;108&nbsp;products&nbsp;&nbsp;
</div>
</td>
<td align="center">
<div class="pagenationMiddle">


<ul class="paginationNew">


<li class="control">

<a title="Previous" class="prevInactive">
Prev
</a>


</li>










<li>

<a class="selected" title="">
<span>1</span>
</a>


</li>







<li>


<a href="/asda-estore/catalog/emerchandising_range.jsp?aisleid=1214921924776&departmentid=1214921923780&prevvist=true&pageConfigurationId=10000002&currPageConfiguration=10000002&startValue=16&pageLink=2" title="" class="pagenum" name="pagenav" id="pagenav">
<span>
2
</span>
</a>
</li>







<li>


<a href="/asda-estore/catalog/emerchandising_range.jsp?aisleid=1214921924776&departmentid=1214921923780&prevvist=true&pageConfigurationId=10000002&currPageConfiguration=10000002&startValue=31&pageLink=3" title="" class="pagenum" name="pagenav" id="pagenav">
<span>
3
</span>
</a>
</li>







<li>


<a href="/asda-estore/catalog/emerchandising_range.jsp?aisleid=1214921924776&departmentid=1214921923780&prevvist=true&pageConfigurationId=10000002&currPageConfiguration=10000002&startValue=46&pageLink=4" title="" class="pagenum" name="pagenav" id="pagenav">
<span>
4
</span>
</a>
</li>







<li>


<a href="/asda-estore/catalog/emerchandising_range.jsp?aisleid=1214921924776&departmentid=1214921923780&prevvist=true&pageConfigurationId=10000002&currPageConfiguration=10000002&startValue=61&pageLink=5" title="" class="pagenum" name="pagenav" id="pagenav">
<span>
5
</span>
</a>
</li>







<li>


<a href="/asda-estore/catalog/emerchandising_range.jsp?aisleid=1214921924776&departmentid=1214921923780&prevvist=true&pageConfigurationId=10000002&currPageConfiguration=10000002&startValue=76&pageLink=6" title="" class="pagenum" name="pagenav" id="pagenav">
<span>
6
</span>
</a>
</li>






<li>
<span class="dots">
...
</span>
</li>








<li>


<a href="/asda-estore/catalog/emerchandising_range.jsp?aisleid=1214921924776&departmentid=1214921923780&prevvist=true&pageConfigurationId=10000002&currPageConfiguration=10000002&startValue=106&pageLink=8" title="" class="pagenum" name="pagenav" id="pagenav">
<span>
8
</span>
</a>
</li>





<li class="control">


<a href="/asda-estore/catalog/emerchandising_range.jsp?aisleid=1214921924776&departmentid=1214921923780&prevvist=true&pageConfigurationId=10000002&currPageConfiguration=10000002&startValue=16&pageLink=Next" title="Next" class="nextLink" name="pagenav" id="pagenav">
Next
</a>
</li>




</ul>
<!-- JSPPAGENAME:paginationelement.jsp -->
</div>
</td>



<td>


<form action="/asda-estore/catalog/emerchandising_range.jsp" name="frmdisplayctrl" method="get" id="frmdisplayctrl"><input value="UTF-8" type="hidden" name="_dyncharset"></input><input value="-5813353485339379250" type="hidden" name="_dynSessConf"></input>
<input value="true" type="hidden" name="viewType" id="id_viewType"><input value=" " type="hidden" name="_D:viewType">
<input value="" type="hidden" name="hideImage" id="id_hideImage"><input value=" " type="hidden" name="_D:hideImage">

<input value="/asda-estore/catalog/emerchandising_range.jsp?&departmentid=1214921923780&aisleid=1214921924776&pageConfiguration=10000001&lastLogDetails=&maxItemsToBeShown=15" type="hidden" name="/atg/userprofiling/ProfileFormHandler.updateSuccessURL"><input value=" " type="hidden" name="_D:/atg/userprofiling/ProfileFormHandler.updateSuccessURL">
<input value="submit" type="hidden" name="/atg/userprofiling/ProfileFormHandler.update"><input value=" " type="hidden" name="_D:/atg/userprofiling/ProfileFormHandler.update">
<input type="hidden" name="departmentid" value="1214921923780" />
<input type="hidden" name="aisleid" value="1214921924776" />
<input type="hidden" name="sessionTimeOutURL"
value="/asda-estore/catalog/sectionpagecontainer.jsp?departmentid=1214921923780&aisleid=1214921924776" />
<input type="hidden" name="aisleName"
value="Frozen Fish & Seafood" />
<input type="hidden" name="departmentName"
value="null" />

<input type="hidden" name="pageConfigurationId"
value="10000002" />


<input type="hidden" name="startValue" value=1 />

<div class="pagenationRight">

<ul class="view">
<li>
<a class="shelfActive" href="#" title="Change to shelf view">
</a>
</li>
<li><a href="/asda-estore/catalog/#" title="Change to list view" class="list" target="maincontent" onclick="return changeDisplay(false)">
List View
</a></li>
</ul>

</div>
<div class="dropbelow"></div>
<input value="/asda-estore/catalog/productdisplaycontrol.jsp.frm_dispcontrol" type="hidden" name="_DARGS"></input></form>
<!-- JSPPAGENAME:productdisplaycontrol.jsp -->
</td>
</tr></table>
</div>






















<h3 class="offers topmargin7">



Special Offers in&nbsp;Frozen Fish &amp; Seafood


</h3>
<div class="productsdisplay">
<div class="shelf">



<div class="item"  id="skuId910000460358"><input value="shelfView" name="view910000460358" type="hidden" id="view910000460358"></input><div class="itemimage" id="itemimage910000460358" title="Jamie Oliver Crispy Pollock Fishcakes" style="background-image: url('http://i2-groceries.asda.com:80/g/039/718/5000205039718_6000_IDShot_1.jpeg');"><input type="hidden" name="imageUrl910000460358" id="imageUrl910000460358" value="http://i2-groceries.asda.com:80/g/039/718/5000205039718_6000_IDShot_1.jpeg"></input><input type="hidden" name="noimageUrl910000460358" id="noimageUrl910000460358" value="http://i1-groceries.asda.com:80/images/products/no-image-available-93x93.gif"></input><input type="hidden" name="alertimageUrl910000460358" id="alertimageUrl910000460358" value="http://i.groceries.asda.com:80/images/buttons/error_large.gif"></input><!-- Brand = Jamie Oliver --><div><h4 class="hideoffscreen"><span>Crispy Pollock Fishcakes</span></h4></div><a	href="/asda-estore/products/products.jsp?skuId=910000460358&departmentid=1214921923780&aisleid=1214921924776&startValue=1" accesskey="7"></a></div><h4 class="hideoffscreen"><span>Crispy Pollock Fishcakes</span></h4><div class="itemcontent"><ul><li class="info"><span class="multisave"><a href="/asda-estore/specialoffers/linksavecontainer.jsp?promoId=ls66568" target="_parent" class="multisaveLink" title="YOUNGS FISHFINGERS/ASDA BURGERS - 2 FOR £3 - See all varieties in this deal"> 2 FOR £3</a></span><li class="notes "></li></li><li class="price">£1.80<li class="priceper"><span class="oldPrice">(£10.00/kg)</span></li></li><li class="brand"><a	href="/asda-estore/products/products.jsp?skuId=910000460358&departmentid=1214921923780&aisleid=1214921924776&startValue=1" class="hideoffscreen" title="Jamie Oliver" accesskey="7">Jamie Oliver</a></li><li class="productname"><a	href="/asda-estore/products/products.jsp?skuId=910000460358&departmentid=1214921923780&aisleid=1214921924776&startValue=1" class="hideoffscreen" title="Crispy Pollock Fishcakes" accesskey="7"><span>Visit the product detail page for</span>Crispy Pollock Fishcakes</a></li><li class="volume">(180g)</li></ul><div><div class="shelfholder"><div class="" id="errormsg910000460358"></div></div><form class="dropdownunits" id="frm910000460358"><fieldset><input class="li-minus" id="li-minus910000460358"  type="image"  onclick="javascript:return decrementQuantityEach('910000460358','false','each910000460358')" src="http://i1-groceries.asda.com:80/images/buttons/minus-grey-9x9.gif" title="-" alt="-" name="li-minus"/>&nbsp;<label for="each"><span class="hide"><span>quantity</span></span></label><input  size="4" type="text" class="quantity" id="each910000460358" value="1" maxlength="3"	onclick="this.select()"  onkeypress="return funTxtEntered(event, this)" onkeyup="javascript:return funTxtChangedEach(this,'910000460358','false','each910000460358');" name="txtquantity" />&nbsp;<input class="li-plus" id="li-plus910000460358"  type="image" onclick="javascript:return incrementQuantityEach('910000460358','false','each910000460358')" src="http://i3-groceries.asda.com:80/images/buttons/plus-9x9.gif" title="+" alt="+" name="li-plus"/></fieldset><button type="button" class="button width-em4 addCentre" onclick="javascript:collectParameters(this);"><span class="wrapper">	<span class="lefttop"><span class="righttop">	<span class="leftbottom">	<span class="rightbottom">	<span class="buttoncopy">Add</span>	</span>	</span>	</span>	</span>	</span></button><input type="hidden" name="qtyChanged" value="N"/><input type="hidden" name="skuid" value="910000460358"/><input type="hidden" name="promoType" value="New"/><input type="hidden" name="salesUnit" value="Each"/><input type="hidden" name="pharmRestrictions" value="No"/><input type="hidden" name="maxAllowedQty" value="24.0"/><input type="hidden" name="salesqty" value="180.0"/><input type="hidden" name="salesUom" value="GR"/><input type="hidden" name="avgQuantity" value="null"/><input type="hidden" name="productid" value="248256773"/></form><div class="dropbelow"></div><div class="dropbelow"></div></div></div></div>
<!-- JSPPAGENAME:skucontainer_static.jspf -->





<div class="item"  id="skuId910000401883"><input value="shelfView" name="view910000401883" type="hidden" id="view910000401883"></input><div class="itemimage" id="itemimage910000401883" title="ASDA Extra Special 2 Icelandic Cod Fillets" style="background-image: url('http://i1-groceries.asda.com:80/g/156/393/5052449156393_6000_IDShot_1.jpeg');"><input type="hidden" name="imageUrl910000401883" id="imageUrl910000401883" value="http://i1-groceries.asda.com:80/g/156/393/5052449156393_6000_IDShot_1.jpeg"></input><input type="hidden" name="noimageUrl910000401883" id="noimageUrl910000401883" value="http://i1-groceries.asda.com:80/images/products/no-image-available-93x93.gif"></input><input type="hidden" name="alertimageUrl910000401883" id="alertimageUrl910000401883" value="http://i.groceries.asda.com:80/images/buttons/error_large.gif"></input><!-- Brand = ASDA Extra Special --><div><h4 class="hideoffscreen"><span>2 Icelandic Cod Fillets</span></h4></div><a	href="/asda-estore/products/products.jsp?skuId=910000401883&departmentid=1214921923780&aisleid=1214921924776&startValue=1" accesskey="7"></a></div><h4 class="hideoffscreen"><span>2 Icelandic Cod Fillets</span></h4><div class="itemcontent"><ul><li class="info"><span class="multisave"><a href="/asda-estore/specialoffers/linksavecontainer.jsp?promoId=ls64990" target="_parent" class="multisaveLink" title="ASDA COATED FISH - 2 FOR £5 - See all varieties in this deal"> 2 FOR £5</a></span><li class="notes "></li></li><li class="price">£3.00<li class="priceper"><span class="oldPrice">(£12.00/kg)</span></li></li><li class="brand"><a	href="/asda-estore/products/products.jsp?skuId=910000401883&departmentid=1214921923780&aisleid=1214921924776&startValue=1" class="hideoffscreen" title="ASDA Extra Special" accesskey="7">ASDA Extra...</a></li><li class="productname"><a	href="/asda-estore/products/products.jsp?skuId=910000401883&departmentid=1214921923780&aisleid=1214921924776&startValue=1" class="hideoffscreen" title="2 Icelandic Cod Fillets" accesskey="7"><span>Visit the product detail page for</span>2 Icelandic Cod Fillets</a></li><li class="volume">(250g)</li></ul><div><div class="shelfholder"><div class="" id="errormsg910000401883"></div></div><form class="dropdownunits" id="frm910000401883"><fieldset><input class="li-minus" id="li-minus910000401883"  type="image"  onclick="javascript:return decrementQuantityEach('910000401883','false','each910000401883')" src="http://i1-groceries.asda.com:80/images/buttons/minus-grey-9x9.gif" title="-" alt="-" name="li-minus"/>&nbsp;<label for="each"><span class="hide"><span>quantity</span></span></label><input  size="4" type="text" class="quantity" id="each910000401883" value="1" maxlength="3"	onclick="this.select()"  onkeypress="return funTxtEntered(event, this)" onkeyup="javascript:return funTxtChangedEach(this,'910000401883','false','each910000401883');" name="txtquantity" />&nbsp;<input class="li-plus" id="li-plus910000401883"  type="image" onclick="javascript:return incrementQuantityEach('910000401883','false','each910000401883')" src="http://i3-groceries.asda.com:80/images/buttons/plus-9x9.gif" title="+" alt="+" name="li-plus"/></fieldset><button type="button" class="button width-em4 addCentre" onclick="javascript:collectParameters(this);"><span class="wrapper">	<span class="lefttop"><span class="righttop">	<span class="leftbottom">	<span class="rightbottom">	<span class="buttoncopy">Add</span>	</span>	</span>	</span>	</span>	</span></button><input type="hidden" name="qtyChanged" value="N"/><input type="hidden" name="skuid" value="910000401883"/><input type="hidden" name="promoType" value="No promo"/><input type="hidden" name="salesUnit" value="Each"/><input type="hidden" name="pharmRestrictions" value="No"/><input type="hidden" name="maxAllowedQty" value="24.0"/><input type="hidden" name="salesqty" value="250.0"/><input type="hidden" name="salesUom" value="GR"/><input type="hidden" name="avgQuantity" value="null"/><input type="hidden" name="productid" value="190579427"/></form><div class="dropbelow"></div><div class="dropbelow"></div></div></div></div>
<!-- JSPPAGENAME:skucontainer_static.jspf -->





<div class="item"  id="skuId910000423369"><input value="shelfView" name="view910000423369" type="hidden" id="view910000423369"></input><div class="itemimage" id="itemimage910000423369" title="Youngs Haddock Fish Fingers" style="background-image: url('http://i2-groceries.asda.com:80/g/039/084/5000205039084_6000_IDShot_1.jpeg');"><input type="hidden" name="imageUrl910000423369" id="imageUrl910000423369" value="http://i2-groceries.asda.com:80/g/039/084/5000205039084_6000_IDShot_1.jpeg"></input><input type="hidden" name="noimageUrl910000423369" id="noimageUrl910000423369" value="http://i1-groceries.asda.com:80/images/products/no-image-available-93x93.gif"></input><input type="hidden" name="alertimageUrl910000423369" id="alertimageUrl910000423369" value="http://i.groceries.asda.com:80/images/buttons/error_large.gif"></input><!-- Brand = Youngs --><div><h4 class="hideoffscreen"><span>Haddock Fish Fingers</span></h4></div><a	href="/asda-estore/products/products.jsp?skuId=910000423369&departmentid=1214921923780&aisleid=1214921924776&startValue=1" accesskey="7"></a></div><h4 class="hideoffscreen"><span>Haddock Fish Fingers</span></h4><div class="itemcontent"><ul><li class="info"><span class="multisave"><a href="/asda-estore/specialoffers/linksavecontainer.jsp?promoId=ls66568" target="_parent" class="multisaveLink" title="YOUNGS FISHFINGERS/ASDA BURGERS - 2 FOR £3 - See all varieties in this deal"> 2 FOR £3</a></span><li class="notes "></li></li><li class="price">£1.85<li class="priceper"><span class="oldPrice">(£6.61/kg)</span></li></li><li class="brand"><a	href="/asda-estore/products/products.jsp?skuId=910000423369&departmentid=1214921923780&aisleid=1214921924776&startValue=1" class="hideoffscreen" title="Youngs" accesskey="7">Youngs</a></li><li class="productname"><a	href="/asda-estore/products/products.jsp?skuId=910000423369&departmentid=1214921923780&aisleid=1214921924776&startValue=1" class="hideoffscreen" title="Haddock Fish Fingers" accesskey="7"><span>Visit the product detail page for</span>Haddock Fish Fingers</a></li><li class="volume">(280g)</li></ul><div><div class="shelfholder"><div class="" id="errormsg910000423369"></div></div><form class="dropdownunits" id="frm910000423369"><fieldset><input class="li-minus" id="li-minus910000423369"  type="image"  onclick="javascript:return decrementQuantityEach('910000423369','false','each910000423369')" src="http://i1-groceries.asda.com:80/images/buttons/minus-grey-9x9.gif" title="-" alt="-" name="li-minus"/>&nbsp;<label for="each"><span class="hide"><span>quantity</span></span></label><input  size="4" type="text" class="quantity" id="each910000423369" value="1" maxlength="3"	onclick="this.select()"  onkeypress="return funTxtEntered(event, this)" onkeyup="javascript:return funTxtChangedEach(this,'910000423369','false','each910000423369');" name="txtquantity" />&nbsp;<input class="li-plus" id="li-plus910000423369"  type="image" onclick="javascript:return incrementQuantityEach('910000423369','false','each910000423369')" src="http://i3-groceries.asda.com:80/images/buttons/plus-9x9.gif" title="+" alt="+" name="li-plus"/></fieldset><button type="button" class="button width-em4 addCentre" onclick="javascript:collectParameters(this);"><span class="wrapper">	<span class="lefttop"><span class="righttop">	<span class="leftbottom">	<span class="rightbottom">	<span class="buttoncopy">Add</span>	</span>	</span>	</span>	</span>	</span></button><input type="hidden" name="qtyChanged" value="N"/><input type="hidden" name="skuid" value="910000423369"/><input type="hidden" name="promoType" value="WOW!"/><input type="hidden" name="salesUnit" value="Each"/><input type="hidden" name="pharmRestrictions" value="No"/><input type="hidden" name="maxAllowedQty" value="24.0"/><input type="hidden" name="salesqty" value="280.0"/><input type="hidden" name="salesUom" value="GR"/><input type="hidden" name="avgQuantity" value="null"/><input type="hidden" name="productid" value="210604775"/></form><div class="dropbelow"></div><div class="dropbelow"></div></div></div></div>
<!-- JSPPAGENAME:skucontainer_static.jspf -->





<div class="item"  id="skuId910000460714"><input value="shelfView" name="view910000460714" type="hidden" id="view910000460714"></input><div class="itemimage" id="itemimage910000460714" title="Jamie Oliver Fish Cakes" style="background-image: url('http://i2-groceries.asda.com:80/g/039/688/5000205039688_6000_IDShot_1.jpeg');"><input type="hidden" name="imageUrl910000460714" id="imageUrl910000460714" value="http://i2-groceries.asda.com:80/g/039/688/5000205039688_6000_IDShot_1.jpeg"></input><input type="hidden" name="noimageUrl910000460714" id="noimageUrl910000460714" value="http://i1-groceries.asda.com:80/images/products/no-image-available-93x93.gif"></input><input type="hidden" name="alertimageUrl910000460714" id="alertimageUrl910000460714" value="http://i.groceries.asda.com:80/images/buttons/error_large.gif"></input><!-- Brand = Jamie Oliver --><div><h4 class="hideoffscreen"><span>Fish Cakes</span></h4></div><a	href="/asda-estore/products/products.jsp?skuId=910000460714&departmentid=1214921923780&aisleid=1214921924776&startValue=1" accesskey="7"></a></div><h4 class="hideoffscreen"><span>Fish Cakes</span></h4><div class="itemcontent"><ul><li class="info"><span class="multisave"><a href="/asda-estore/specialoffers/linksavecontainer.jsp?promoId=ls66568" target="_parent" class="multisaveLink" title="YOUNGS FISHFINGERS/ASDA BURGERS - 2 FOR £3 - See all varieties in this deal"> 2 FOR £3</a></span><li class="notes "></li></li><li class="price">£1.80<li class="priceper"><span class="oldPrice">(£9.00/kg)</span></li></li><li class="brand"><a	href="/asda-estore/products/products.jsp?skuId=910000460714&departmentid=1214921923780&aisleid=1214921924776&startValue=1" class="hideoffscreen" title="Jamie Oliver" accesskey="7">Jamie Oliver</a></li><li class="productname"><a	href="/asda-estore/products/products.jsp?skuId=910000460714&departmentid=1214921923780&aisleid=1214921924776&startValue=1" class="hideoffscreen" title="Fish Cakes" accesskey="7"><span>Visit the product detail page for</span>Fish Cakes</a></li><li class="volume">(200g)</li></ul><div><div class="shelfholder"><div class="" id="errormsg910000460714"></div></div><form class="dropdownunits" id="frm910000460714"><fieldset><input class="li-minus" id="li-minus910000460714"  type="image"  onclick="javascript:return decrementQuantityEach('910000460714','false','each910000460714')" src="http://i1-groceries.asda.com:80/images/buttons/minus-grey-9x9.gif" title="-" alt="-" name="li-minus"/>&nbsp;<label for="each"><span class="hide"><span>quantity</span></span></label><input  size="4" type="text" class="quantity" id="each910000460714" value="1" maxlength="3"	onclick="this.select()"  onkeypress="return funTxtEntered(event, this)" onkeyup="javascript:return funTxtChangedEach(this,'910000460714','false','each910000460714');" name="txtquantity" />&nbsp;<input class="li-plus" id="li-plus910000460714"  type="image" onclick="javascript:return incrementQuantityEach('910000460714','false','each910000460714')" src="http://i3-groceries.asda.com:80/images/buttons/plus-9x9.gif" title="+" alt="+" name="li-plus"/></fieldset><button type="button" class="button width-em4 addCentre" onclick="javascript:collectParameters(this);"><span class="wrapper">	<span class="lefttop"><span class="righttop">	<span class="leftbottom">	<span class="rightbottom">	<span class="buttoncopy">Add</span>	</span>	</span>	</span>	</span>	</span></button><input type="hidden" name="qtyChanged" value="N"/><input type="hidden" name="skuid" value="910000460714"/><input type="hidden" name="promoType" value="New"/><input type="hidden" name="salesUnit" value="Each"/><input type="hidden" name="pharmRestrictions" value="No"/><input type="hidden" name="maxAllowedQty" value="24.0"/><input type="hidden" name="salesqty" value="200.0"/><input type="hidden" name="salesUom" value="GR"/><input type="hidden" name="avgQuantity" value="null"/><input type="hidden" name="productid" value="248256664"/></form><div class="dropbelow"></div><div class="dropbelow"></div></div></div></div>
<!-- JSPPAGENAME:skucontainer_static.jspf -->





<div class="item"  id="skuId81441604"><input value="shelfView" name="view81441604" type="hidden" id="view81441604"></input><div class="itemimage" id="itemimage81441604" title="ASDA Breaded chunky haddock fillets" style="background-image: url('http://i1-groceries.asda.com:80/g/368/374/5051413368374_6000_IDShot_1.jpeg');"><input type="hidden" name="imageUrl81441604" id="imageUrl81441604" value="http://i1-groceries.asda.com:80/g/368/374/5051413368374_6000_IDShot_1.jpeg"></input><input type="hidden" name="noimageUrl81441604" id="noimageUrl81441604" value="http://i1-groceries.asda.com:80/images/products/no-image-available-93x93.gif"></input><input type="hidden" name="alertimageUrl81441604" id="alertimageUrl81441604" value="http://i.groceries.asda.com:80/images/buttons/error_large.gif"></input><!-- Brand = ASDA --><div><h4 class="hideoffscreen"><span>Breaded chunky haddock fillets</span></h4></div><a	href="/asda-estore/products/products.jsp?skuId=81441604&departmentid=1214921923780&aisleid=1214921924776&startValue=1" accesskey="7"></a></div><h4 class="hideoffscreen"><span>Breaded chunky haddock fillets</span></h4><div class="itemcontent"><ul><li class="info"><span class="multisave"><a href="/asda-estore/specialoffers/linksavecontainer.jsp?promoId=ls64990" target="_parent" class="multisaveLink" title="ASDA COATED FISH - 2 FOR £5 - See all varieties in this deal"> 2 FOR £5</a></span><li class="notes "></li></li><li class="price">£3.00<li class="priceper"><span class="oldPrice">(£6.00/kg)</span></li></li><li class="brand"><a	href="/asda-estore/products/products.jsp?skuId=81441604&departmentid=1214921923780&aisleid=1214921924776&startValue=1" class="hideoffscreen" title="ASDA" accesskey="7">ASDA</a></li><li class="productname"><a	href="/asda-estore/products/products.jsp?skuId=81441604&departmentid=1214921923780&aisleid=1214921924776&startValue=1" class="hideoffscreen" title="Breaded chunky haddock fillets" accesskey="7"><span>Visit the product detail page for</span>Breaded chunky haddock...</a></li><li class="volume">(500g)</li></ul><div><div class="shelfholder"><div class="" id="errormsg81441604"></div></div><form class="dropdownunits" id="frm81441604"><fieldset><input class="li-minus" id="li-minus81441604"  type="image"  onclick="javascript:return decrementQuantityEach('81441604','false','each81441604')" src="http://i1-groceries.asda.com:80/images/buttons/minus-grey-9x9.gif" title="-" alt="-" name="li-minus"/>&nbsp;<label for="each"><span class="hide"><span>quantity</span></span></label><input  size="4" type="text" class="quantity" id="each81441604" value="1" maxlength="3"	onclick="this.select()"  onkeypress="return funTxtEntered(event, this)" onkeyup="javascript:return funTxtChangedEach(this,'81441604','false','each81441604');" name="txtquantity" />&nbsp;<input class="li-plus" id="li-plus81441604"  type="image" onclick="javascript:return incrementQuantityEach('81441604','false','each81441604')" src="http://i3-groceries.asda.com:80/images/buttons/plus-9x9.gif" title="+" alt="+" name="li-plus"/></fieldset><button type="button" class="button width-em4 addCentre" onclick="javascript:collectParameters(this);"><span class="wrapper">	<span class="lefttop"><span class="righttop">	<span class="leftbottom">	<span class="rightbottom">	<span class="buttoncopy">Add</span>	</span>	</span>	</span>	</span>	</span></button><input type="hidden" name="qtyChanged" value="N"/><input type="hidden" name="skuid" value="81441604"/><input type="hidden" name="promoType" value="No promo"/><input type="hidden" name="salesUnit" value="Each"/><input type="hidden" name="pharmRestrictions" value="No"/><input type="hidden" name="maxAllowedQty" value="24.0"/><input type="hidden" name="salesqty" value="500.0"/><input type="hidden" name="salesUom" value="GR"/><input type="hidden" name="avgQuantity" value="null"/><input type="hidden" name="productid" value="3404705"/></form><div class="dropbelow"></div><div class="dropbelow"></div></div></div></div>
<!-- JSPPAGENAME:skucontainer_static.jspf -->


<div class="dropbelow"></div>
</div>
<div class="dropbelow"></div>
</div>

<!-- JSPPAGENAME:specialoffers_range.jspf -->


<div class="productsdisplay">

<div id="1214921929208">
<h3>Battered   <a
class="hidebutton"
href="/asda-estore/catalog/emerchandising_range.jsp?&departmentid=1214921923780&aisleid=1214921924776&lastLogDetails=&pageConfiguration=10000001&maxItemsToBeShown=15&function=hide&shelfname=Battered&hideshlfid=1214921929208">Hide</a> 
<div class="dropbelow"></div>
</h3>
</div>








<div class="shelf">
  


<div class="item"  id="skuId910000243854"><input value="shelfView" name="view910000243854" type="hidden" id="view910000243854"></input><div class="itemimage" id="itemimage910000243854" title="Birds Eye 4 Large Cod Fillets in a Light and Crispy Batter" style="background-image: url('http://i3-groceries.asda.com:80/g/102/853/5000116102853_6000_IDShot_1.jpeg');"><input type="hidden" name="imageUrl910000243854" id="imageUrl910000243854" value="http://i3-groceries.asda.com:80/g/102/853/5000116102853_6000_IDShot_1.jpeg"></input><input type="hidden" name="noimageUrl910000243854" id="noimageUrl910000243854" value="http://i1-groceries.asda.com:80/images/products/no-image-available-93x93.gif"></input><input type="hidden" name="alertimageUrl910000243854" id="alertimageUrl910000243854" value="http://i.groceries.asda.com:80/images/buttons/error_large.gif"></input><!-- Brand = Birds Eye --><a	href="/asda-estore/products/products.jsp?skuId=910000243854&departmentid=1214921923780&aisleid=1214921924776&startValue=1" accesskey="7"></a></div><h4 class="hideoffscreen"><span>4 Large Cod Fillets in a Light and Crispy Batter</span></h4><div class="itemcontent"><ul><li class="info"><span class="nooffer"></span><li class="notes"><br/></li></li><li class="price">£3.00<li class="priceper"><span class="oldPrice">(£6.25/kg)</span></li></li><li class="brand"><a	href="/asda-estore/products/products.jsp?skuId=910000243854&departmentid=1214921923780&aisleid=1214921924776&startValue=1" class="hideoffscreen" title="Birds Eye" accesskey="7">Birds Eye</a></li><li class="productname"><a	href="/asda-estore/products/products.jsp?skuId=910000243854&departmentid=1214921923780&aisleid=1214921924776&startValue=1" class="hideoffscreen" title="4 Large Cod Fillets in a Light and Crispy Batter" accesskey="7"><span>Visit the product detail page for</span>4 Large Cod Fillets in...</a></li><li class="volume">(480g)</li></ul><div><div class="shelfholder"><div class="" id="errormsg910000243854"></div></div><form class="dropdownunits" id="frm910000243854"><fieldset><input class="li-minus" id="li-minus910000243854"  type="image"  onclick="javascript:return decrementQuantityEach('910000243854','false','each910000243854')" src="http://i1-groceries.asda.com:80/images/buttons/minus-grey-9x9.gif" title="-" alt="-" name="li-minus"/>&nbsp;<label for="each"><span class="hide"><span>quantity</span></span></label><input  size="4" type="text" class="quantity" id="each910000243854" value="1" maxlength="3"	onclick="this.select()"  onkeypress="return funTxtEntered(event, this)" onkeyup="javascript:return funTxtChangedEach(this,'910000243854','false','each910000243854');" name="txtquantity" />&nbsp;<input class="li-plus" id="li-plus910000243854"  type="image" onclick="javascript:return incrementQuantityEach('910000243854','false','each910000243854')" src="http://i3-groceries.asda.com:80/images/buttons/plus-9x9.gif" title="+" alt="+" name="li-plus"/></fieldset><button type="button" class="button width-em4 addCentre" onclick="javascript:collectParameters(this);"><span class="wrapper">	<span class="lefttop"><span class="righttop">	<span class="leftbottom">	<span class="rightbottom">	<span class="buttoncopy">Add</span>	</span>	</span>	</span>	</span>	</span></button><input type="hidden" name="qtyChanged" value="N"/><input type="hidden" name="skuid" value="910000243854"/><input type="hidden" name="promoType" value="Rollback"/><input type="hidden" name="salesUnit" value="Each"/><input type="hidden" name="pharmRestrictions" value="No"/><input type="hidden" name="maxAllowedQty" value="24.0"/><input type="hidden" name="salesqty" value="480.0"/><input type="hidden" name="salesUom" value="GR"/><input type="hidden" name="avgQuantity" value="null"/><input type="hidden" name="productid" value="79254331"/></form><div class="dropbelow"></div><div class="dropbelow"></div></div></div></div>
<!-- JSPPAGENAME:skucontainer_static.jspf -->

   


<div class="item"  id="skuId32270"><input value="shelfView" name="view32270" type="hidden" id="view32270"></input><div class="itemimage" id="itemimage32270" title="Youngs Chip Shop 4 Large Cod Fillets in a Crisp Bubbly Batter" style="background-image: url('http://i.groceries.asda.com:80/g/034/669/5000205034669_6000_IDShot_1.jpeg');"><input type="hidden" name="imageUrl32270" id="imageUrl32270" value="http://i.groceries.asda.com:80/g/034/669/5000205034669_6000_IDShot_1.jpeg"></input><input type="hidden" name="noimageUrl32270" id="noimageUrl32270" value="http://i1-groceries.asda.com:80/images/products/no-image-available-93x93.gif"></input><input type="hidden" name="alertimageUrl32270" id="alertimageUrl32270" value="http://i.groceries.asda.com:80/images/buttons/error_large.gif"></input><!-- Brand = Youngs --><a	href="/asda-estore/products/products.jsp?skuId=32270&departmentid=1214921923780&aisleid=1214921924776&startValue=1" accesskey="7"></a></div><h4 class="hideoffscreen"><span>Chip Shop 4 Large Cod Fillets in a Crisp Bubbly Batter</span></h4><div class="itemcontent"><ul><li class="info"><span class="nooffer"></span><li class="notes"><br/></li></li><li class="price">£3.98<li class="priceper"><span class="oldPrice">(£7.96/kg)</span></li></li><li class="brand"><a	href="/asda-estore/products/products.jsp?skuId=32270&departmentid=1214921923780&aisleid=1214921924776&startValue=1" class="hideoffscreen" title="Youngs" accesskey="7">Youngs</a></li><li class="productname"><a	href="/asda-estore/products/products.jsp?skuId=32270&departmentid=1214921923780&aisleid=1214921924776&startValue=1" class="hideoffscreen" title="Chip Shop 4 Large Cod Fillets in a Crisp Bubbly Batter" accesskey="7"><span>Visit the product detail page for</span>Chip Shop 4 Large Cod ...</a></li><li class="volume">(500g)</li></ul><div><div class="shelfholder"><div class="" id="errormsg32270"></div></div><form class="dropdownunits" id="frm32270"><fieldset><input class="li-minus" id="li-minus32270"  type="image"  onclick="javascript:return decrementQuantityEach('32270','false','each32270')" src="http://i1-groceries.asda.com:80/images/buttons/minus-grey-9x9.gif" title="-" alt="-" name="li-minus"/>&nbsp;<label for="each"><span class="hide"><span>quantity</span></span></label><input  size="4" type="text" class="quantity" id="each32270" value="1" maxlength="3"	onclick="this.select()"  onkeypress="return funTxtEntered(event, this)" onkeyup="javascript:return funTxtChangedEach(this,'32270','false','each32270');" name="txtquantity" />&nbsp;<input class="li-plus" id="li-plus32270"  type="image" onclick="javascript:return incrementQuantityEach('32270','false','each32270')" src="http://i3-groceries.asda.com:80/images/buttons/plus-9x9.gif" title="+" alt="+" name="li-plus"/></fieldset><button type="button" class="button width-em4 addCentre" onclick="javascript:collectParameters(this);"><span class="wrapper">	<span class="lefttop"><span class="righttop">	<span class="leftbottom">	<span class="rightbottom">	<span class="buttoncopy">Add</span>	</span>	</span>	</span>	</span>	</span></button><input type="hidden" name="qtyChanged" value="N"/><input type="hidden" name="skuid" value="32270"/><input type="hidden" name="promoType" value="No promo"/><input type="hidden" name="salesUnit" value="Each"/><input type="hidden" name="pharmRestrictions" value="No"/><input type="hidden" name="maxAllowedQty" value="24.0"/><input type="hidden" name="salesqty" value="500.0"/><input type="hidden" name="salesUom" value="GR"/><input type="hidden" name="avgQuantity" value="null"/><input type="hidden" name="productid" value="3411706"/></form><div class="dropbelow"></div><div class="dropbelow"></div></div></div></div>
<!-- JSPPAGENAME:skucontainer_static.jspf -->

   


<div class="item"  id="skuId910000045879"><input value="shelfView" name="view910000045879" type="hidden" id="view910000045879"></input><div class="itemimage" id="itemimage910000045879" title="Youngs Chip Shop Jumbo Specials 2 Extra Large Bubbly Batter Fish Cakes" style="background-image: url('http://i2-groceries.asda.com:80/g/035/321/5000205035321_6000_IDShot_1.jpeg');"><input type="hidden" name="imageUrl910000045879" id="imageUrl910000045879" value="http://i2-groceries.asda.com:80/g/035/321/5000205035321_6000_IDShot_1.jpeg"></input><input type="hidden" name="noimageUrl910000045879" id="noimageUrl910000045879" value="http://i1-groceries.asda.com:80/images/products/no-image-available-93x93.gif"></input><input type="hidden" name="alertimageUrl910000045879" id="alertimageUrl910000045879" value="http://i.groceries.asda.com:80/images/buttons/error_large.gif"></input><!-- Brand = Youngs --><a	href="/asda-estore/products/products.jsp?skuId=910000045879&departmentid=1214921923780&aisleid=1214921924776&startValue=1" accesskey="7"></a></div><h4 class="hideoffscreen"><span>Chip Shop Jumbo Specials 2 Extra Large Bubbly Batter Fish Cakes</span></h4><div class="itemcontent"><ul><li class="info"><span class="nooffer"></span><li class="notes"><br/></li></li><li class="price">£1.00<li class="priceper"><span class="oldPrice">(£4.76/kg)</span></li></li><li class="brand"><a	href="/asda-estore/products/products.jsp?skuId=910000045879&departmentid=1214921923780&aisleid=1214921924776&startValue=1" class="hideoffscreen" title="Youngs" accesskey="7">Youngs</a></li><li class="productname"><a	href="/asda-estore/products/products.jsp?skuId=910000045879&departmentid=1214921923780&aisleid=1214921924776&startValue=1" class="hideoffscreen" title="Chip Shop Jumbo Specials 2 Extra Large Bubbly Batter Fish Cakes" accesskey="7"><span>Visit the product detail page for</span>Chip Shop Jumbo Specia...</a></li><li class="volume">(210g)</li></ul><div><div class="shelfholder"><div class="" id="errormsg910000045879"></div></div><form class="dropdownunits" id="frm910000045879"><fieldset><input class="li-minus" id="li-minus910000045879"  type="image"  onclick="javascript:return decrementQuantityEach('910000045879','false','each910000045879')" src="http://i1-groceries.asda.com:80/images/buttons/minus-grey-9x9.gif" title="-" alt="-" name="li-minus"/>&nbsp;<label for="each"><span class="hide"><span>quantity</span></span></label><input  size="4" type="text" class="quantity" id="each910000045879" value="1" maxlength="3"	onclick="this.select()"  onkeypress="return funTxtEntered(event, this)" onkeyup="javascript:return funTxtChangedEach(this,'910000045879','false','each910000045879');" name="txtquantity" />&nbsp;<input class="li-plus" id="li-plus910000045879"  type="image" onclick="javascript:return incrementQuantityEach('910000045879','false','each910000045879')" src="http://i3-groceries.asda.com:80/images/buttons/plus-9x9.gif" title="+" alt="+" name="li-plus"/></fieldset><button type="button" class="button width-em4 addCentre" onclick="javascript:collectParameters(this);"><span class="wrapper">	<span class="lefttop"><span class="righttop">	<span class="leftbottom">	<span class="rightbottom">	<span class="buttoncopy">Add</span>	</span>	</span>	</span>	</span>	</span></button><input type="hidden" name="qtyChanged" value="N"/><input type="hidden" name="skuid" value="910000045879"/><input type="hidden" name="promoType" value="WOW!"/><input type="hidden" name="salesUnit" value="Each"/><input type="hidden" name="pharmRestrictions" value="No"/><input type="hidden" name="maxAllowedQty" value="24.0"/><input type="hidden" name="salesqty" value="210.0"/><input type="hidden" name="salesUom" value="GR"/><input type="hidden" name="avgQuantity" value="null"/><input type="hidden" name="productid" value="29266117"/></form><div class="dropbelow"></div><div class="dropbelow"></div></div></div></div>
<!-- JSPPAGENAME:skucontainer_static.jspf -->

   


<div class="item"  id="skuId81642868"><input value="shelfView" name="view81642868" type="hidden" id="view81642868"></input><div class="itemimage" id="itemimage81642868" title="ASDA Battered Cod" style="background-image: url('http://i3-groceries.asda.com:80/g/367/131/5051413367131_6000_IDShot_1.jpeg');"><input type="hidden" name="imageUrl81642868" id="imageUrl81642868" value="http://i3-groceries.asda.com:80/g/367/131/5051413367131_6000_IDShot_1.jpeg"></input><input type="hidden" name="noimageUrl81642868" id="noimageUrl81642868" value="http://i1-groceries.asda.com:80/images/products/no-image-available-93x93.gif"></input><input type="hidden" name="alertimageUrl81642868" id="alertimageUrl81642868" value="http://i.groceries.asda.com:80/images/buttons/error_large.gif"></input><!-- Brand = ASDA --><a	href="/asda-estore/products/products.jsp?skuId=81642868&departmentid=1214921923780&aisleid=1214921924776&startValue=1" accesskey="7"></a></div><h4 class="hideoffscreen"><span>Battered Cod</span></h4><div class="itemcontent"><ul><li class="info"><span class="nooffer"></span><li class="notes"><br/></li></li><li class="price">£2.00<li class="priceper"><span class="oldPrice">(£4.00/kg)</span></li></li><li class="brand"><a	href="/asda-estore/products/products.jsp?skuId=81642868&departmentid=1214921923780&aisleid=1214921924776&startValue=1" class="hideoffscreen" title="ASDA" accesskey="7">ASDA</a></li><li class="productname"><a	href="/asda-estore/products/products.jsp?skuId=81642868&departmentid=1214921923780&aisleid=1214921924776&startValue=1" class="hideoffscreen" title="Battered Cod" accesskey="7"><span>Visit the product detail page for</span>Battered Cod</a></li><li class="volume">(500g)</li></ul><div><div class="shelfholder"><div class="" id="errormsg81642868"></div></div><form class="dropdownunits" id="frm81642868"><fieldset><input class="li-minus" id="li-minus81642868"  type="image"  onclick="javascript:return decrementQuantityEach('81642868','false','each81642868')" src="http://i1-groceries.asda.com:80/images/buttons/minus-grey-9x9.gif" title="-" alt="-" name="li-minus"/>&nbsp;<label for="each"><span class="hide"><span>quantity</span></span></label><input  size="4" type="text" class="quantity" id="each81642868" value="1" maxlength="3"	onclick="this.select()"  onkeypress="return funTxtEntered(event, this)" onkeyup="javascript:return funTxtChangedEach(this,'81642868','false','each81642868');" name="txtquantity" />&nbsp;<input class="li-plus" id="li-plus81642868"  type="image" onclick="javascript:return incrementQuantityEach('81642868','false','each81642868')" src="http://i3-groceries.asda.com:80/images/buttons/plus-9x9.gif" title="+" alt="+" name="li-plus"/></fieldset><button type="button" class="button width-em4 addCentre" onclick="javascript:collectParameters(this);"><span class="wrapper">	<span class="lefttop"><span class="righttop">	<span class="leftbottom">	<span class="rightbottom">	<span class="buttoncopy">Add</span>	</span>	</span>	</span>	</span>	</span></button><input type="hidden" name="qtyChanged" value="N"/><input type="hidden" name="skuid" value="81642868"/><input type="hidden" name="promoType" value="WOW!"/><input type="hidden" name="salesUnit" value="Each"/><input type="hidden" name="pharmRestrictions" value="No"/><input type="hidden" name="maxAllowedQty" value="24.0"/><input type="hidden" name="salesqty" value="500.0"/><input type="hidden" name="salesUom" value="GR"/><input type="hidden" name="avgQuantity" value="null"/><input type="hidden" name="productid" value="3408161"/></form><div class="dropbelow"></div><div class="dropbelow"></div></div></div></div>
<!-- JSPPAGENAME:skucontainer_static.jspf -->

   


<div class="item"  id="skuId81642869"><input value="shelfView" name="view81642869" type="hidden" id="view81642869"></input><div class="itemimage" id="itemimage81642869" title="ASDA Battered Haddock" style="background-image: url('http://i3-groceries.asda.com:80/g/367/124/5051413367124_6000_IDShot_1.jpeg');"><input type="hidden" name="imageUrl81642869" id="imageUrl81642869" value="http://i3-groceries.asda.com:80/g/367/124/5051413367124_6000_IDShot_1.jpeg"></input><input type="hidden" name="noimageUrl81642869" id="noimageUrl81642869" value="http://i1-groceries.asda.com:80/images/products/no-image-available-93x93.gif"></input><input type="hidden" name="alertimageUrl81642869" id="alertimageUrl81642869" value="http://i.groceries.asda.com:80/images/buttons/error_large.gif"></input><!-- Brand = ASDA --><a	href="/asda-estore/products/products.jsp?skuId=81642869&departmentid=1214921923780&aisleid=1214921924776&startValue=1" accesskey="7"></a></div><h4 class="hideoffscreen"><span>Battered Haddock</span></h4><div class="itemcontent"><ul><li class="info"><span class="nooffer"></span><li class="notes"><br/></li></li><li class="price">£2.00<li class="priceper"><span class="oldPrice">(£4.00/kg)</span></li></li><li class="brand"><a	href="/asda-estore/products/products.jsp?skuId=81642869&departmentid=1214921923780&aisleid=1214921924776&startValue=1" class="hideoffscreen" title="ASDA" accesskey="7">ASDA</a></li><li class="productname"><a	href="/asda-estore/products/products.jsp?skuId=81642869&departmentid=1214921923780&aisleid=1214921924776&startValue=1" class="hideoffscreen" title="Battered Haddock" accesskey="7"><span>Visit the product detail page for</span>Battered Haddock</a></li><li class="volume">(500g)</li></ul><div><div class="shelfholder"><div class="" id="errormsg81642869"></div></div><form class="dropdownunits" id="frm81642869"><fieldset><input class="li-minus" id="li-minus81642869"  type="image"  onclick="javascript:return decrementQuantityEach('81642869','false','each81642869')" src="http://i1-groceries.asda.com:80/images/buttons/minus-grey-9x9.gif" title="-" alt="-" name="li-minus"/>&nbsp;<label for="each"><span class="hide"><span>quantity</span></span></label><input  size="4" type="text" class="quantity" id="each81642869" value="1" maxlength="3"	onclick="this.select()"  onkeypress="return funTxtEntered(event, this)" onkeyup="javascript:return funTxtChangedEach(this,'81642869','false','each81642869');" name="txtquantity" />&nbsp;<input class="li-plus" id="li-plus81642869"  type="image" onclick="javascript:return incrementQuantityEach('81642869','false','each81642869')" src="http://i3-groceries.asda.com:80/images/buttons/plus-9x9.gif" title="+" alt="+" name="li-plus"/></fieldset><button type="button" class="button width-em4 addCentre" onclick="javascript:collectParameters(this);"><span class="wrapper">	<span class="lefttop"><span class="righttop">	<span class="leftbottom">	<span class="rightbottom">	<span class="buttoncopy">Add</span>	</span>	</span>	</span>	</span>	</span></button><input type="hidden" name="qtyChanged" value="N"/><input type="hidden" name="skuid" value="81642869"/><input type="hidden" name="promoType" value="WOW!"/><input type="hidden" name="salesUnit" value="Each"/><input type="hidden" name="pharmRestrictions" value="No"/><input type="hidden" name="maxAllowedQty" value="24.0"/><input type="hidden" name="salesqty" value="500.0"/><input type="hidden" name="salesUom" value="GR"/><input type="hidden" name="avgQuantity" value="null"/><input type="hidden" name="productid" value="3408162"/></form><div class="dropbelow"></div><div class="dropbelow"></div></div></div></div>
<!-- JSPPAGENAME:skucontainer_static.jspf -->

   


<div class="item"  id="skuId81441605"><input value="shelfView" name="view81441605" type="hidden" id="view81441605"></input><div class="itemimage" id="itemimage81441605" title="ASDA Battered chunky cod fillets" style="background-image: url('http://i1-groceries.asda.com:80/g/368/589/5051413368589_6000_IDShot_1.jpeg');"><input type="hidden" name="imageUrl81441605" id="imageUrl81441605" value="http://i1-groceries.asda.com:80/g/368/589/5051413368589_6000_IDShot_1.jpeg"></input><input type="hidden" name="noimageUrl81441605" id="noimageUrl81441605" value="http://i1-groceries.asda.com:80/images/products/no-image-available-93x93.gif"></input><input type="hidden" name="alertimageUrl81441605" id="alertimageUrl81441605" value="http://i.groceries.asda.com:80/images/buttons/error_large.gif"></input><!-- Brand = ASDA --><div><h4 class="hideoffscreen"><span>Battered chunky cod fillets</span></h4></div><a	href="/asda-estore/products/products.jsp?skuId=81441605&departmentid=1214921923780&aisleid=1214921924776&startValue=1" accesskey="7"></a></div><h4 class="hideoffscreen"><span>Battered chunky cod fillets</span></h4><div class="itemcontent"><ul><li class="info"><span class="multisave"><a href="/asda-estore/specialoffers/linksavecontainer.jsp?promoId=ls64990" target="_parent" class="multisaveLink" title="ASDA COATED FISH - 2 FOR £5 - See all varieties in this deal"> 2 FOR £5</a></span><li class="notes "></li></li><li class="price">£3.00<li class="priceper"><span class="oldPrice">(£6.00/kg)</span></li></li><li class="brand"><a	href="/asda-estore/products/products.jsp?skuId=81441605&departmentid=1214921923780&aisleid=1214921924776&startValue=1" class="hideoffscreen" title="ASDA" accesskey="7">ASDA</a></li><li class="productname"><a	href="/asda-estore/products/products.jsp?skuId=81441605&departmentid=1214921923780&aisleid=1214921924776&startValue=1" class="hideoffscreen" title="Battered chunky cod fillets" accesskey="7"><span>Visit the product detail page for</span>Battered chunky cod fi...</a></li><li class="volume">(500g)</li></ul><div><div class="shelfholder"><div class="" id="errormsg81441605"></div></div><form class="dropdownunits" id="frm81441605"><fieldset><input class="li-minus" id="li-minus81441605"  type="image"  onclick="javascript:return decrementQuantityEach('81441605','false','each81441605')" src="http://i1-groceries.asda.com:80/images/buttons/minus-grey-9x9.gif" title="-" alt="-" name="li-minus"/>&nbsp;<label for="each"><span class="hide"><span>quantity</span></span></label><input  size="4" type="text" class="quantity" id="each81441605" value="1" maxlength="3"	onclick="this.select()"  onkeypress="return funTxtEntered(event, this)" onkeyup="javascript:return funTxtChangedEach(this,'81441605','false','each81441605');" name="txtquantity" />&nbsp;<input class="li-plus" id="li-plus81441605"  type="image" onclick="javascript:return incrementQuantityEach('81441605','false','each81441605')" src="http://i3-groceries.asda.com:80/images/buttons/plus-9x9.gif" title="+" alt="+" name="li-plus"/></fieldset><button type="button" class="button width-em4 addCentre" onclick="javascript:collectParameters(this);"><span class="wrapper">	<span class="lefttop"><span class="righttop">	<span class="leftbottom">	<span class="rightbottom">	<span class="buttoncopy">Add</span>	</span>	</span>	</span>	</span>	</span></button><input type="hidden" name="qtyChanged" value="N"/><input type="hidden" name="skuid" value="81441605"/><input type="hidden" name="promoType" value="No promo"/><input type="hidden" name="salesUnit" value="Each"/><input type="hidden" name="pharmRestrictions" value="No"/><input type="hidden" name="maxAllowedQty" value="24.0"/><input type="hidden" name="salesqty" value="500.0"/><input type="hidden" name="salesUom" value="GR"/><input type="hidden" name="avgQuantity" value="null"/><input type="hidden" name="productid" value="3404706"/></form><div class="dropbelow"></div><div class="dropbelow"></div></div></div></div>
<!-- JSPPAGENAME:skucontainer_static.jspf -->

   


<div class="item"  id="skuId910000043111"><input value="shelfView" name="view910000043111" type="hidden" id="view910000043111"></input><div class="itemimage" id="itemimage910000043111" title="ASDA Smartprice Battered fish portions" style="background-image: url('http://i3-groceries.asda.com:80/g/618/424/5051413618424_6000_IDShot_1.jpeg');"><input type="hidden" name="imageUrl910000043111" id="imageUrl910000043111" value="http://i3-groceries.asda.com:80/g/618/424/5051413618424_6000_IDShot_1.jpeg"></input><input type="hidden" name="noimageUrl910000043111" id="noimageUrl910000043111" value="http://i1-groceries.asda.com:80/images/products/no-image-available-93x93.gif"></input><input type="hidden" name="alertimageUrl910000043111" id="alertimageUrl910000043111" value="http://i.groceries.asda.com:80/images/buttons/error_large.gif"></input><!-- Brand = ASDA Smartprice --><a	href="/asda-estore/products/products.jsp?skuId=910000043111&departmentid=1214921923780&aisleid=1214921924776&startValue=1" accesskey="7"></a></div><h4 class="hideoffscreen"><span>Battered fish portions</span></h4><div class="itemcontent"><ul><li class="info"><span class="nooffer"></span><li class="notes"><br/></li></li><li class="price">£0.97<li class="priceper"><span class="oldPrice">(£2.42/kg)</span></li></li><li class="brand"><a	href="/asda-estore/products/products.jsp?skuId=910000043111&departmentid=1214921923780&aisleid=1214921924776&startValue=1" class="hideoffscreen" title="ASDA Smartprice" accesskey="7">ASDA Smart...</a></li><li class="productname"><a	href="/asda-estore/products/products.jsp?skuId=910000043111&departmentid=1214921923780&aisleid=1214921924776&startValue=1" class="hideoffscreen" title="Battered fish portions" accesskey="7"><span>Visit the product detail page for</span>Battered fish portions</a></li><li class="volume">(400g)</li></ul><div><div class="shelfholder"><div class="" id="errormsg910000043111"></div></div><form class="dropdownunits" id="frm910000043111"><fieldset><input class="li-minus" id="li-minus910000043111"  type="image"  onclick="javascript:return decrementQuantityEach('910000043111','false','each910000043111')" src="http://i1-groceries.asda.com:80/images/buttons/minus-grey-9x9.gif" title="-" alt="-" name="li-minus"/>&nbsp;<label for="each"><span class="hide"><span>quantity</span></span></label><input  size="4" type="text" class="quantity" id="each910000043111" value="1" maxlength="3"	onclick="this.select()"  onkeypress="return funTxtEntered(event, this)" onkeyup="javascript:return funTxtChangedEach(this,'910000043111','false','each910000043111');" name="txtquantity" />&nbsp;<input class="li-plus" id="li-plus910000043111"  type="image" onclick="javascript:return incrementQuantityEach('910000043111','false','each910000043111')" src="http://i3-groceries.asda.com:80/images/buttons/plus-9x9.gif" title="+" alt="+" name="li-plus"/></fieldset><button type="button" class="button width-em4 addCentre" onclick="javascript:collectParameters(this);"><span class="wrapper">	<span class="lefttop"><span class="righttop">	<span class="leftbottom">	<span class="rightbottom">	<span class="buttoncopy">Add</span>	</span>	</span>	</span>	</span>	</span></button><input type="hidden" name="qtyChanged" value="N"/><input type="hidden" name="skuid" value="910000043111"/><input type="hidden" name="promoType" value="No promo"/><input type="hidden" name="salesUnit" value="Each"/><input type="hidden" name="pharmRestrictions" value="No"/><input type="hidden" name="maxAllowedQty" value="24.0"/><input type="hidden" name="salesqty" value="400.0"/><input type="hidden" name="salesUom" value="GR"/><input type="hidden" name="avgQuantity" value="null"/><input type="hidden" name="productid" value="26384584"/></form><div class="dropbelow"></div><div class="dropbelow"></div></div></div></div>
<!-- JSPPAGENAME:skucontainer_static.jspf -->

   


<div class="item"  id="skuId910000245222"><input value="shelfView" name="view910000245222" type="hidden" id="view910000245222"></input><div class="itemimage" id="itemimage910000245222" title="Birds Eye 2 Fish Fillets in Crispy Batter" style="background-image: url('http://i1-groceries.asda.com:80/g/102/792/5000116102792_6000_IDShot_1.jpeg');"><input type="hidden" name="imageUrl910000245222" id="imageUrl910000245222" value="http://i1-groceries.asda.com:80/g/102/792/5000116102792_6000_IDShot_1.jpeg"></input><input type="hidden" name="noimageUrl910000245222" id="noimageUrl910000245222" value="http://i1-groceries.asda.com:80/images/products/no-image-available-93x93.gif"></input><input type="hidden" name="alertimageUrl910000245222" id="alertimageUrl910000245222" value="http://i.groceries.asda.com:80/images/buttons/error_large.gif"></input><!-- Brand = Birds Eye --><a	href="/asda-estore/products/products.jsp?skuId=910000245222&departmentid=1214921923780&aisleid=1214921924776&startValue=1" accesskey="7"></a></div><h4 class="hideoffscreen"><span>2 Fish Fillets in Crispy Batter</span></h4><div class="itemcontent"><ul><li class="info"><span class="nooffer"></span><li class="notes"><br/></li></li><li class="price">£1.50<li class="priceper"><span class="oldPrice">(£7.50/kg)</span></li></li><li class="brand"><a	href="/asda-estore/products/products.jsp?skuId=910000245222&departmentid=1214921923780&aisleid=1214921924776&startValue=1" class="hideoffscreen" title="Birds Eye" accesskey="7">Birds Eye</a></li><li class="productname"><a	href="/asda-estore/products/products.jsp?skuId=910000245222&departmentid=1214921923780&aisleid=1214921924776&startValue=1" class="hideoffscreen" title="2 Fish Fillets in Crispy Batter" accesskey="7"><span>Visit the product detail page for</span>2 Fish Fillets in Cris...</a></li><li class="volume">(200g)</li></ul><div><div class="shelfholder"><div class="" id="errormsg910000245222"></div></div><form class="dropdownunits" id="frm910000245222"><fieldset><input class="li-minus" id="li-minus910000245222"  type="image"  onclick="javascript:return decrementQuantityEach('910000245222','false','each910000245222')" src="http://i1-groceries.asda.com:80/images/buttons/minus-grey-9x9.gif" title="-" alt="-" name="li-minus"/>&nbsp;<label for="each"><span class="hide"><span>quantity</span></span></label><input  size="4" type="text" class="quantity" id="each910000245222" value="1" maxlength="3"	onclick="this.select()"  onkeypress="return funTxtEntered(event, this)" onkeyup="javascript:return funTxtChangedEach(this,'910000245222','false','each910000245222');" name="txtquantity" />&nbsp;<input class="li-plus" id="li-plus910000245222"  type="image" onclick="javascript:return incrementQuantityEach('910000245222','false','each910000245222')" src="http://i3-groceries.asda.com:80/images/buttons/plus-9x9.gif" title="+" alt="+" name="li-plus"/></fieldset><button type="button" class="button width-em4 addCentre" onclick="javascript:collectParameters(this);"><span class="wrapper">	<span class="lefttop"><span class="righttop">	<span class="leftbottom">	<span class="rightbottom">	<span class="buttoncopy">Add</span>	</span>	</span>	</span>	</span>	</span></button><input type="hidden" name="qtyChanged" value="N"/><input type="hidden" name="skuid" value="910000245222"/><input type="hidden" name="promoType" value="Rollback"/><input type="hidden" name="salesUnit" value="Each"/><input type="hidden" name="pharmRestrictions" value="No"/><input type="hidden" name="maxAllowedQty" value="24.0"/><input type="hidden" name="salesqty" value="200.0"/><input type="hidden" name="salesUom" value="GR"/><input type="hidden" name="avgQuantity" value="null"/><input type="hidden" name="productid" value="79288735"/></form><div class="dropbelow"></div><div class="dropbelow"></div></div></div></div>
<!-- JSPPAGENAME:skucontainer_static.jspf -->

   


<div class="item"  id="skuId910000246772"><input value="shelfView" name="view910000246772" type="hidden" id="view910000246772"></input><div class="itemimage" id="itemimage910000246772" title="Birds Eye Simply Extra Large Fish Fillets in Crispy Batter" style="background-image: url('http://i3-groceries.asda.com:80/g/102/839/5000116102839_6000_IDShot_1.jpeg');"><input type="hidden" name="imageUrl910000246772" id="imageUrl910000246772" value="http://i3-groceries.asda.com:80/g/102/839/5000116102839_6000_IDShot_1.jpeg"></input><input type="hidden" name="noimageUrl910000246772" id="noimageUrl910000246772" value="http://i1-groceries.asda.com:80/images/products/no-image-available-93x93.gif"></input><input type="hidden" name="alertimageUrl910000246772" id="alertimageUrl910000246772" value="http://i.groceries.asda.com:80/images/buttons/error_large.gif"></input><!-- Brand = Birds Eye --><a	href="/asda-estore/products/products.jsp?skuId=910000246772&departmentid=1214921923780&aisleid=1214921924776&startValue=1" accesskey="7"></a></div><h4 class="hideoffscreen"><span>Simply Extra Large Fish Fillets in Crispy Batter</span></h4><div class="itemcontent"><ul><li class="info"><span class="offer">ROLLBACK</span><li class="notes"><br/></li></li><li class="price">£2.00<span class="oldPrice"> (<font style="text-decoration: line-through;">£2.45</font>)</span><li class="priceper">(£6.25/kg)</li></li><li class="brand"><a	href="/asda-estore/products/products.jsp?skuId=910000246772&departmentid=1214921923780&aisleid=1214921924776&startValue=1" class="hideoffscreen" title="Birds Eye" accesskey="7">Birds Eye</a></li><li class="productname"><a	href="/asda-estore/products/products.jsp?skuId=910000246772&departmentid=1214921923780&aisleid=1214921924776&startValue=1" class="hideoffscreen" title="Simply Extra Large Fish Fillets in Crispy Batter" accesskey="7"><span>Visit the product detail page for</span>Simply Extra Large Fis...</a></li><li class="volume">(320g)</li></ul><div><div class="shelfholder"><div class="" id="errormsg910000246772"></div></div><form class="dropdownunits" id="frm910000246772"><fieldset><input class="li-minus" id="li-minus910000246772"  type="image"  onclick="javascript:return decrementQuantityEach('910000246772','false','each910000246772')" src="http://i1-groceries.asda.com:80/images/buttons/minus-grey-9x9.gif" title="-" alt="-" name="li-minus"/>&nbsp;<label for="each"><span class="hide"><span>quantity</span></span></label><input  size="4" type="text" class="quantity" id="each910000246772" value="1" maxlength="3"	onclick="this.select()"  onkeypress="return funTxtEntered(event, this)" onkeyup="javascript:return funTxtChangedEach(this,'910000246772','false','each910000246772');" name="txtquantity" />&nbsp;<input class="li-plus" id="li-plus910000246772"  type="image" onclick="javascript:return incrementQuantityEach('910000246772','false','each910000246772')" src="http://i3-groceries.asda.com:80/images/buttons/plus-9x9.gif" title="+" alt="+" name="li-plus"/></fieldset><button type="button" class="button width-em4 addCentre" onclick="javascript:collectParameters(this);"><span class="wrapper">	<span class="lefttop"><span class="righttop">	<span class="leftbottom">	<span class="rightbottom">	<span class="buttoncopy">Add</span>	</span>	</span>	</span>	</span>	</span></button><input type="hidden" name="qtyChanged" value="N"/><input type="hidden" name="skuid" value="910000246772"/><input type="hidden" name="promoType" value="Rollback"/><input type="hidden" name="salesUnit" value="Each"/><input type="hidden" name="pharmRestrictions" value="No"/><input type="hidden" name="maxAllowedQty" value="24.0"/><input type="hidden" name="salesqty" value="320.0"/><input type="hidden" name="salesUom" value="GR"/><input type="hidden" name="avgQuantity" value="null"/><input type="hidden" name="productid" value="79862708"/></form><div class="dropbelow"></div><div class="dropbelow"></div></div></div></div>
<!-- JSPPAGENAME:skucontainer_static.jspf -->

   


<div class="item"  id="skuId910000246632"><input value="shelfView" name="view910000246632" type="hidden" id="view910000246632"></input><div class="itemimage" id="itemimage910000246632" title="Birds Eye Simply Large Haddock Fillets" style="background-image: url('http://i1-groceries.asda.com:80/g/102/877/5000116102877_6000_IDShot_1.jpeg');"><input type="hidden" name="imageUrl910000246632" id="imageUrl910000246632" value="http://i1-groceries.asda.com:80/g/102/877/5000116102877_6000_IDShot_1.jpeg"></input><input type="hidden" name="noimageUrl910000246632" id="noimageUrl910000246632" value="http://i1-groceries.asda.com:80/images/products/no-image-available-93x93.gif"></input><input type="hidden" name="alertimageUrl910000246632" id="alertimageUrl910000246632" value="http://i.groceries.asda.com:80/images/buttons/error_large.gif"></input><!-- Brand = Birds Eye --><a	href="/asda-estore/products/products.jsp?skuId=910000246632&departmentid=1214921923780&aisleid=1214921924776&startValue=1" accesskey="7"></a></div><h4 class="hideoffscreen"><span>Simply Large Haddock Fillets</span></h4><div class="itemcontent"><ul><li class="info"><span class="nooffer"></span><li class="notes"><br/></li></li><li class="price">£3.98<li class="priceper"><span class="oldPrice">(£8.29/kg)</span></li></li><li class="brand"><a	href="/asda-estore/products/products.jsp?skuId=910000246632&departmentid=1214921923780&aisleid=1214921924776&startValue=1" class="hideoffscreen" title="Birds Eye" accesskey="7">Birds Eye</a></li><li class="productname"><a	href="/asda-estore/products/products.jsp?skuId=910000246632&departmentid=1214921923780&aisleid=1214921924776&startValue=1" class="hideoffscreen" title="Simply Large Haddock Fillets" accesskey="7"><span>Visit the product detail page for</span>Simply Large Haddock F...</a></li><li class="volume">(480g)</li></ul><div><div class="shelfholder"><div class="" id="errormsg910000246632"></div></div><form class="dropdownunits" id="frm910000246632"><fieldset><input class="li-minus" id="li-minus910000246632"  type="image"  onclick="javascript:return decrementQuantityEach('910000246632','false','each910000246632')" src="http://i1-groceries.asda.com:80/images/buttons/minus-grey-9x9.gif" title="-" alt="-" name="li-minus"/>&nbsp;<label for="each"><span class="hide"><span>quantity</span></span></label><input  size="4" type="text" class="quantity" id="each910000246632" value="1" maxlength="3"	onclick="this.select()"  onkeypress="return funTxtEntered(event, this)" onkeyup="javascript:return funTxtChangedEach(this,'910000246632','false','each910000246632');" name="txtquantity" />&nbsp;<input class="li-plus" id="li-plus910000246632"  type="image" onclick="javascript:return incrementQuantityEach('910000246632','false','each910000246632')" src="http://i3-groceries.asda.com:80/images/buttons/plus-9x9.gif" title="+" alt="+" name="li-plus"/></fieldset><button type="button" class="button width-em4 addCentre" onclick="javascript:collectParameters(this);"><span class="wrapper">	<span class="lefttop"><span class="righttop">	<span class="leftbottom">	<span class="rightbottom">	<span class="buttoncopy">Add</span>	</span>	</span>	</span>	</span>	</span></button><input type="hidden" name="qtyChanged" value="N"/><input type="hidden" name="skuid" value="910000246632"/><input type="hidden" name="promoType" value="Rollback"/><input type="hidden" name="salesUnit" value="Each"/><input type="hidden" name="pharmRestrictions" value="No"/><input type="hidden" name="maxAllowedQty" value="24.0"/><input type="hidden" name="salesqty" value="480.0"/><input type="hidden" name="salesUom" value="GR"/><input type="hidden" name="avgQuantity" value="null"/><input type="hidden" name="productid" value="79845930"/></form><div class="dropbelow"></div><div class="dropbelow"></div></div></div></div>
<!-- JSPPAGENAME:skucontainer_static.jspf -->

   


<div class="item"  id="skuId910000460358"><input value="shelfView" name="view910000460358" type="hidden" id="view910000460358"></input><div class="itemimage" id="itemimage910000460358" title="Jamie Oliver Crispy Pollock Fishcakes" style="background-image: url('http://i2-groceries.asda.com:80/g/039/718/5000205039718_6000_IDShot_1.jpeg');"><input type="hidden" name="imageUrl910000460358" id="imageUrl910000460358" value="http://i2-groceries.asda.com:80/g/039/718/5000205039718_6000_IDShot_1.jpeg"></input><input type="hidden" name="noimageUrl910000460358" id="noimageUrl910000460358" value="http://i1-groceries.asda.com:80/images/products/no-image-available-93x93.gif"></input><input type="hidden" name="alertimageUrl910000460358" id="alertimageUrl910000460358" value="http://i.groceries.asda.com:80/images/buttons/error_large.gif"></input><!-- Brand = Jamie Oliver --><div><h4 class="hideoffscreen"><span>Crispy Pollock Fishcakes</span></h4></div><a	href="/asda-estore/products/products.jsp?skuId=910000460358&departmentid=1214921923780&aisleid=1214921924776&startValue=1" accesskey="7"></a></div><h4 class="hideoffscreen"><span>Crispy Pollock Fishcakes</span></h4><div class="itemcontent"><ul><li class="info"><span class="multisave"><a href="/asda-estore/specialoffers/linksavecontainer.jsp?promoId=ls66568" target="_parent" class="multisaveLink" title="YOUNGS FISHFINGERS/ASDA BURGERS - 2 FOR £3 - See all varieties in this deal"> 2 FOR £3</a></span><li class="notes "></li></li><li class="price">£1.80<li class="priceper"><span class="oldPrice">(£10.00/kg)</span></li></li><li class="brand"><a	href="/asda-estore/products/products.jsp?skuId=910000460358&departmentid=1214921923780&aisleid=1214921924776&startValue=1" class="hideoffscreen" title="Jamie Oliver" accesskey="7">Jamie Oliver</a></li><li class="productname"><a	href="/asda-estore/products/products.jsp?skuId=910000460358&departmentid=1214921923780&aisleid=1214921924776&startValue=1" class="hideoffscreen" title="Crispy Pollock Fishcakes" accesskey="7"><span>Visit the product detail page for</span>Crispy Pollock Fishcakes</a></li><li class="volume">(180g)</li></ul><div><div class="shelfholder"><div class="" id="errormsg910000460358"></div></div><form class="dropdownunits" id="frm910000460358"><fieldset><input class="li-minus" id="li-minus910000460358"  type="image"  onclick="javascript:return decrementQuantityEach('910000460358','false','each910000460358')" src="http://i1-groceries.asda.com:80/images/buttons/minus-grey-9x9.gif" title="-" alt="-" name="li-minus"/>&nbsp;<label for="each"><span class="hide"><span>quantity</span></span></label><input  size="4" type="text" class="quantity" id="each910000460358" value="1" maxlength="3"	onclick="this.select()"  onkeypress="return funTxtEntered(event, this)" onkeyup="javascript:return funTxtChangedEach(this,'910000460358','false','each910000460358');" name="txtquantity" />&nbsp;<input class="li-plus" id="li-plus910000460358"  type="image" onclick="javascript:return incrementQuantityEach('910000460358','false','each910000460358')" src="http://i3-groceries.asda.com:80/images/buttons/plus-9x9.gif" title="+" alt="+" name="li-plus"/></fieldset><button type="button" class="button width-em4 addCentre" onclick="javascript:collectParameters(this);"><span class="wrapper">	<span class="lefttop"><span class="righttop">	<span class="leftbottom">	<span class="rightbottom">	<span class="buttoncopy">Add</span>	</span>	</span>	</span>	</span>	</span></button><input type="hidden" name="qtyChanged" value="N"/><input type="hidden" name="skuid" value="910000460358"/><input type="hidden" name="promoType" value="New"/><input type="hidden" name="salesUnit" value="Each"/><input type="hidden" name="pharmRestrictions" value="No"/><input type="hidden" name="maxAllowedQty" value="24.0"/><input type="hidden" name="salesqty" value="180.0"/><input type="hidden" name="salesUom" value="GR"/><input type="hidden" name="avgQuantity" value="null"/><input type="hidden" name="productid" value="248256773"/></form><div class="dropbelow"></div><div class="dropbelow"></div></div></div></div>
<!-- JSPPAGENAME:skucontainer_static.jspf -->

   


<div class="item"  id="skuId910000460783"><input value="shelfView" name="view910000460783" type="hidden" id="view910000460783"></input><div class="itemimage" id="itemimage910000460783" title="Jamie Oliver Crispy Salmon & Pollock Fishcakes" style="background-image: url('http://i2-groceries.asda.com:80/g/039/749/5000205039749_6000_IDShot_1.jpeg');"><input type="hidden" name="imageUrl910000460783" id="imageUrl910000460783" value="http://i2-groceries.asda.com:80/g/039/749/5000205039749_6000_IDShot_1.jpeg"></input><input type="hidden" name="noimageUrl910000460783" id="noimageUrl910000460783" value="http://i1-groceries.asda.com:80/images/products/no-image-available-93x93.gif"></input><input type="hidden" name="alertimageUrl910000460783" id="alertimageUrl910000460783" value="http://i.groceries.asda.com:80/images/buttons/error_large.gif"></input><!-- Brand = Jamie Oliver --><div><h4 class="hideoffscreen"><span>Crispy Salmon & Pollock Fishcakes</span></h4></div><a	href="/asda-estore/products/products.jsp?skuId=910000460783&departmentid=1214921923780&aisleid=1214921924776&startValue=1" accesskey="7"></a></div><h4 class="hideoffscreen"><span>Crispy Salmon & Pollock Fishcakes</span></h4><div class="itemcontent"><ul><li class="info"><span class="multisave"><a href="/asda-estore/specialoffers/linksavecontainer.jsp?promoId=ls66568" target="_parent" class="multisaveLink" title="YOUNGS FISHFINGERS/ASDA BURGERS - 2 FOR £3 - See all varieties in this deal"> 2 FOR £3</a></span><li class="notes "></li></li><li class="price">£1.80<li class="priceper"><span class="oldPrice">(£10.00/kg)</span></li></li><li class="brand"><a	href="/asda-estore/products/products.jsp?skuId=910000460783&departmentid=1214921923780&aisleid=1214921924776&startValue=1" class="hideoffscreen" title="Jamie Oliver" accesskey="7">Jamie Oliver</a></li><li class="productname"><a	href="/asda-estore/products/products.jsp?skuId=910000460783&departmentid=1214921923780&aisleid=1214921924776&startValue=1" class="hideoffscreen" title="Crispy Salmon & Pollock Fishcakes" accesskey="7"><span>Visit the product detail page for</span>Crispy Salmon & Polloc...</a></li><li class="volume">(180g)</li></ul><div><div class="shelfholder"><div class="" id="errormsg910000460783"></div></div><form class="dropdownunits" id="frm910000460783"><fieldset><input class="li-minus" id="li-minus910000460783"  type="image"  onclick="javascript:return decrementQuantityEach('910000460783','false','each910000460783')" src="http://i1-groceries.asda.com:80/images/buttons/minus-grey-9x9.gif" title="-" alt="-" name="li-minus"/>&nbsp;<label for="each"><span class="hide"><span>quantity</span></span></label><input  size="4" type="text" class="quantity" id="each910000460783" value="1" maxlength="3"	onclick="this.select()"  onkeypress="return funTxtEntered(event, this)" onkeyup="javascript:return funTxtChangedEach(this,'910000460783','false','each910000460783');" name="txtquantity" />&nbsp;<input class="li-plus" id="li-plus910000460783"  type="image" onclick="javascript:return incrementQuantityEach('910000460783','false','each910000460783')" src="http://i3-groceries.asda.com:80/images/buttons/plus-9x9.gif" title="+" alt="+" name="li-plus"/></fieldset><button type="button" class="button width-em4 addCentre" onclick="javascript:collectParameters(this);"><span class="wrapper">	<span class="lefttop"><span class="righttop">	<span class="leftbottom">	<span class="rightbottom">	<span class="buttoncopy">Add</span>	</span>	</span>	</span>	</span>	</span></button><input type="hidden" name="qtyChanged" value="N"/><input type="hidden" name="skuid" value="910000460783"/><input type="hidden" name="promoType" value="New"/><input type="hidden" name="salesUnit" value="Each"/><input type="hidden" name="pharmRestrictions" value="No"/><input type="hidden" name="maxAllowedQty" value="24.0"/><input type="hidden" name="salesqty" value="180.0"/><input type="hidden" name="salesUom" value="GR"/><input type="hidden" name="avgQuantity" value="null"/><input type="hidden" name="productid" value="248246538"/></form><div class="dropbelow"></div><div class="dropbelow"></div></div></div></div>
<!-- JSPPAGENAME:skucontainer_static.jspf -->

   


<div class="item"  id="skuId910000460714"><input value="shelfView" name="view910000460714" type="hidden" id="view910000460714"></input><div class="itemimage" id="itemimage910000460714" title="Jamie Oliver Fish Cakes" style="background-image: url('http://i2-groceries.asda.com:80/g/039/688/5000205039688_6000_IDShot_1.jpeg');"><input type="hidden" name="imageUrl910000460714" id="imageUrl910000460714" value="http://i2-groceries.asda.com:80/g/039/688/5000205039688_6000_IDShot_1.jpeg"></input><input type="hidden" name="noimageUrl910000460714" id="noimageUrl910000460714" value="http://i1-groceries.asda.com:80/images/products/no-image-available-93x93.gif"></input><input type="hidden" name="alertimageUrl910000460714" id="alertimageUrl910000460714" value="http://i.groceries.asda.com:80/images/buttons/error_large.gif"></input><!-- Brand = Jamie Oliver --><div><h4 class="hideoffscreen"><span>Fish Cakes</span></h4></div><a	href="/asda-estore/products/products.jsp?skuId=910000460714&departmentid=1214921923780&aisleid=1214921924776&startValue=1" accesskey="7"></a></div><h4 class="hideoffscreen"><span>Fish Cakes</span></h4><div class="itemcontent"><ul><li class="info"><span class="multisave"><a href="/asda-estore/specialoffers/linksavecontainer.jsp?promoId=ls66568" target="_parent" class="multisaveLink" title="YOUNGS FISHFINGERS/ASDA BURGERS - 2 FOR £3 - See all varieties in this deal"> 2 FOR £3</a></span><li class="notes "></li></li><li class="price">£1.80<li class="priceper"><span class="oldPrice">(£9.00/kg)</span></li></li><li class="brand"><a	href="/asda-estore/products/products.jsp?skuId=910000460714&departmentid=1214921923780&aisleid=1214921924776&startValue=1" class="hideoffscreen" title="Jamie Oliver" accesskey="7">Jamie Oliver</a></li><li class="productname"><a	href="/asda-estore/products/products.jsp?skuId=910000460714&departmentid=1214921923780&aisleid=1214921924776&startValue=1" class="hideoffscreen" title="Fish Cakes" accesskey="7"><span>Visit the product detail page for</span>Fish Cakes</a></li><li class="volume">(200g)</li></ul><div><div class="shelfholder"><div class="" id="errormsg910000460714"></div></div><form class="dropdownunits" id="frm910000460714"><fieldset><input class="li-minus" id="li-minus910000460714"  type="image"  onclick="javascript:return decrementQuantityEach('910000460714','false','each910000460714')" src="http://i1-groceries.asda.com:80/images/buttons/minus-grey-9x9.gif" title="-" alt="-" name="li-minus"/>&nbsp;<label for="each"><span class="hide"><span>quantity</span></span></label><input  size="4" type="text" class="quantity" id="each910000460714" value="1" maxlength="3"	onclick="this.select()"  onkeypress="return funTxtEntered(event, this)" onkeyup="javascript:return funTxtChangedEach(this,'910000460714','false','each910000460714');" name="txtquantity" />&nbsp;<input class="li-plus" id="li-plus910000460714"  type="image" onclick="javascript:return incrementQuantityEach('910000460714','false','each910000460714')" src="http://i3-groceries.asda.com:80/images/buttons/plus-9x9.gif" title="+" alt="+" name="li-plus"/></fieldset><button type="button" class="button width-em4 addCentre" onclick="javascript:collectParameters(this);"><span class="wrapper">	<span class="lefttop"><span class="righttop">	<span class="leftbottom">	<span class="rightbottom">	<span class="buttoncopy">Add</span>	</span>	</span>	</span>	</span>	</span></button><input type="hidden" name="qtyChanged" value="N"/><input type="hidden" name="skuid" value="910000460714"/><input type="hidden" name="promoType" value="New"/><input type="hidden" name="salesUnit" value="Each"/><input type="hidden" name="pharmRestrictions" value="No"/><input type="hidden" name="maxAllowedQty" value="24.0"/><input type="hidden" name="salesqty" value="200.0"/><input type="hidden" name="salesUom" value="GR"/><input type="hidden" name="avgQuantity" value="null"/><input type="hidden" name="productid" value="248256664"/></form><div class="dropbelow"></div><div class="dropbelow"></div></div></div></div>
<!-- JSPPAGENAME:skucontainer_static.jspf -->

   


<div class="item"  id="skuId910000045872"><input value="shelfView" name="view910000045872" type="hidden" id="view910000045872"></input><div class="itemimage" id="itemimage910000045872" title="Youngs Chip Shop 2 Fish Portions" style="background-image: url('http://i.groceries.asda.com:80/g/036/632/5000205036632_6000_IDShot_1.jpeg');"><input type="hidden" name="imageUrl910000045872" id="imageUrl910000045872" value="http://i.groceries.asda.com:80/g/036/632/5000205036632_6000_IDShot_1.jpeg"></input><input type="hidden" name="noimageUrl910000045872" id="noimageUrl910000045872" value="http://i1-groceries.asda.com:80/images/products/no-image-available-93x93.gif"></input><input type="hidden" name="alertimageUrl910000045872" id="alertimageUrl910000045872" value="http://i.groceries.asda.com:80/images/buttons/error_large.gif"></input><!-- Brand = Youngs --><a	href="/asda-estore/products/products.jsp?skuId=910000045872&departmentid=1214921923780&aisleid=1214921924776&startValue=1" accesskey="7"></a></div><h4 class="hideoffscreen"><span>Chip Shop 2 Fish Portions</span></h4><div class="itemcontent"><ul><li class="info"><span class="nooffer"></span><li class="notes"><br/></li></li><li class="price">£1.00<li class="priceper"><span class="oldPrice">(£5.00/kg)</span></li></li><li class="brand"><a	href="/asda-estore/products/products.jsp?skuId=910000045872&departmentid=1214921923780&aisleid=1214921924776&startValue=1" class="hideoffscreen" title="Youngs" accesskey="7">Youngs</a></li><li class="productname"><a	href="/asda-estore/products/products.jsp?skuId=910000045872&departmentid=1214921923780&aisleid=1214921924776&startValue=1" class="hideoffscreen" title="Chip Shop 2 Fish Portions" accesskey="7"><span>Visit the product detail page for</span>Chip Shop 2 Fish Portions</a></li><li class="volume">(200g)</li></ul><div><div class="shelfholder"><div class="" id="errormsg910000045872"></div></div><form class="dropdownunits" id="frm910000045872"><fieldset><input class="li-minus" id="li-minus910000045872"  type="image"  onclick="javascript:return decrementQuantityEach('910000045872','false','each910000045872')" src="http://i1-groceries.asda.com:80/images/buttons/minus-grey-9x9.gif" title="-" alt="-" name="li-minus"/>&nbsp;<label for="each"><span class="hide"><span>quantity</span></span></label><input  size="4" type="text" class="quantity" id="each910000045872" value="1" maxlength="3"	onclick="this.select()"  onkeypress="return funTxtEntered(event, this)" onkeyup="javascript:return funTxtChangedEach(this,'910000045872','false','each910000045872');" name="txtquantity" />&nbsp;<input class="li-plus" id="li-plus910000045872"  type="image" onclick="javascript:return incrementQuantityEach('910000045872','false','each910000045872')" src="http://i3-groceries.asda.com:80/images/buttons/plus-9x9.gif" title="+" alt="+" name="li-plus"/></fieldset><button type="button" class="button width-em4 addCentre" onclick="javascript:collectParameters(this);"><span class="wrapper">	<span class="lefttop"><span class="righttop">	<span class="leftbottom">	<span class="rightbottom">	<span class="buttoncopy">Add</span>	</span>	</span>	</span>	</span>	</span></button><input type="hidden" name="qtyChanged" value="N"/><input type="hidden" name="skuid" value="910000045872"/><input type="hidden" name="promoType" value="WOW!"/><input type="hidden" name="salesUnit" value="Each"/><input type="hidden" name="pharmRestrictions" value="No"/><input type="hidden" name="maxAllowedQty" value="24.0"/><input type="hidden" name="salesqty" value="200.0"/><input type="hidden" name="salesUom" value="GR"/><input type="hidden" name="avgQuantity" value="null"/><input type="hidden" name="productid" value="29266088"/></form><div class="dropbelow"></div><div class="dropbelow"></div></div></div></div>
<!-- JSPPAGENAME:skucontainer_static.jspf -->

   


<div class="item"  id="skuId25362"><input value="shelfView" name="view25362" type="hidden" id="view25362"></input><div class="itemimage" id="itemimage25362" title="Youngs Chip Shop 4 Large Haddock Fillets in Our Crisp Bubbly Batter" style="background-image: url('http://i.groceries.asda.com:80/g/034/652/5000205034652_6000_IDShot_1.jpeg');"><input type="hidden" name="imageUrl25362" id="imageUrl25362" value="http://i.groceries.asda.com:80/g/034/652/5000205034652_6000_IDShot_1.jpeg"></input><input type="hidden" name="noimageUrl25362" id="noimageUrl25362" value="http://i1-groceries.asda.com:80/images/products/no-image-available-93x93.gif"></input><input type="hidden" name="alertimageUrl25362" id="alertimageUrl25362" value="http://i.groceries.asda.com:80/images/buttons/error_large.gif"></input><!-- Brand = Youngs --><a	href="/asda-estore/products/products.jsp?skuId=25362&departmentid=1214921923780&aisleid=1214921924776&startValue=1" accesskey="7"></a></div><h4 class="hideoffscreen"><span>Chip Shop 4 Large Haddock Fillets in Our Crisp Bubbly Batter</span></h4><div class="itemcontent"><ul><li class="info"><span class="nooffer"></span><li class="notes"><br/></li></li><li class="price">£3.00<li class="priceper"><span class="oldPrice">(£6.00/kg)</span></li></li><li class="brand"><a	href="/asda-estore/products/products.jsp?skuId=25362&departmentid=1214921923780&aisleid=1214921924776&startValue=1" class="hideoffscreen" title="Youngs" accesskey="7">Youngs</a></li><li class="productname"><a	href="/asda-estore/products/products.jsp?skuId=25362&departmentid=1214921923780&aisleid=1214921924776&startValue=1" class="hideoffscreen" title="Chip Shop 4 Large Haddock Fillets in Our Crisp Bubbly Batter" accesskey="7"><span>Visit the product detail page for</span>Chip Shop 4 Large Hadd...</a></li><li class="volume">(500g)</li></ul><div><div class="shelfholder"><div class="" id="errormsg25362"></div></div><form class="dropdownunits" id="frm25362"><fieldset><input class="li-minus" id="li-minus25362"  type="image"  onclick="javascript:return decrementQuantityEach('25362','false','each25362')" src="http://i1-groceries.asda.com:80/images/buttons/minus-grey-9x9.gif" title="-" alt="-" name="li-minus"/>&nbsp;<label for="each"><span class="hide"><span>quantity</span></span></label><input  size="4" type="text" class="quantity" id="each25362" value="1" maxlength="3"	onclick="this.select()"  onkeypress="return funTxtEntered(event, this)" onkeyup="javascript:return funTxtChangedEach(this,'25362','false','each25362');" name="txtquantity" />&nbsp;<input class="li-plus" id="li-plus25362"  type="image" onclick="javascript:return incrementQuantityEach('25362','false','each25362')" src="http://i3-groceries.asda.com:80/images/buttons/plus-9x9.gif" title="+" alt="+" name="li-plus"/></fieldset><button type="button" class="button width-em4 addCentre" onclick="javascript:collectParameters(this);"><span class="wrapper">	<span class="lefttop"><span class="righttop">	<span class="leftbottom">	<span class="rightbottom">	<span class="buttoncopy">Add</span>	</span>	</span>	</span>	</span>	</span></button><input type="hidden" name="qtyChanged" value="N"/><input type="hidden" name="skuid" value="25362"/><input type="hidden" name="promoType" value="No promo"/><input type="hidden" name="salesUnit" value="Each"/><input type="hidden" name="pharmRestrictions" value="No"/><input type="hidden" name="maxAllowedQty" value="24.0"/><input type="hidden" name="salesqty" value="500.0"/><input type="hidden" name="salesUom" value="GR"/><input type="hidden" name="avgQuantity" value="null"/><input type="hidden" name="productid" value="3410802"/></form><div class="dropbelow"></div><div class="dropbelow"></div></div></div></div>
<!-- JSPPAGENAME:skucontainer_static.jspf -->

 


<div class="dropbelow"></div>
</div>

<div class="dropbelow"></div>
<div class="pagcont leftmargin10">
<table width="100%"><tr>
<td>
<div class="pagenationLeft">
Showing&nbsp;
1-15&nbsp;
of&nbsp;
108&nbsp;
products&nbsp;&nbsp;
</div>
</td>

<td align="center">
<div class="pagenationMiddle">


<ul class="paginationNew">


<li class="control">

<a title="Previous" class="prevInactive">
Prev
</a>


</li>










<li>

<a class="selected" title="">
<span>1</span>
</a>


</li>







<li>


<a href="/asda-estore/catalog/emerchandising_range.jsp?aisleid=1214921924776&departmentid=1214921923780&prevvist=true&pageConfigurationId=10000002&currPageConfiguration=10000002&startValue=16&pageLink=2" title="" class="pagenum" name="pagenav" id="pagenav">
<span>
2
</span>
</a>
</li>







<li>


<a href="/asda-estore/catalog/emerchandising_range.jsp?aisleid=1214921924776&departmentid=1214921923780&prevvist=true&pageConfigurationId=10000002&currPageConfiguration=10000002&startValue=31&pageLink=3" title="" class="pagenum" name="pagenav" id="pagenav">
<span>
3
</span>
</a>
</li>







<li>


<a href="/asda-estore/catalog/emerchandising_range.jsp?aisleid=1214921924776&departmentid=1214921923780&prevvist=true&pageConfigurationId=10000002&currPageConfiguration=10000002&startValue=46&pageLink=4" title="" class="pagenum" name="pagenav" id="pagenav">
<span>
4
</span>
</a>
</li>







<li>


<a href="/asda-estore/catalog/emerchandising_range.jsp?aisleid=1214921924776&departmentid=1214921923780&prevvist=true&pageConfigurationId=10000002&currPageConfiguration=10000002&startValue=61&pageLink=5" title="" class="pagenum" name="pagenav" id="pagenav">
<span>
5
</span>
</a>
</li>







<li>


<a href="/asda-estore/catalog/emerchandising_range.jsp?aisleid=1214921924776&departmentid=1214921923780&prevvist=true&pageConfigurationId=10000002&currPageConfiguration=10000002&startValue=76&pageLink=6" title="" class="pagenum" name="pagenav" id="pagenav">
<span>
6
</span>
</a>
</li>






<li>
<span class="dots">
...
</span>
</li>








<li>


<a href="/asda-estore/catalog/emerchandising_range.jsp?aisleid=1214921924776&departmentid=1214921923780&prevvist=true&pageConfigurationId=10000002&currPageConfiguration=10000002&startValue=106&pageLink=8" title="" class="pagenum" name="pagenav" id="pagenav">
<span>
8
</span>
</a>
</li>





<li class="control">


<a href="/asda-estore/catalog/emerchandising_range.jsp?aisleid=1214921924776&departmentid=1214921923780&prevvist=true&pageConfigurationId=10000002&currPageConfiguration=10000002&startValue=16&pageLink=Next" title="Next" class="nextLink" name="pagenav" id="pagenav">
Next
</a>
</li>




</ul>
<!-- JSPPAGENAME:paginationelement.jsp -->
</div>
</td>

<td style="visibility:hidden;">
<div class="pagenationRight">
<ul class="view">
<li><a href="/asda-estore/catalog/fragments/en_GB/emerchandisingview/#" title="Change to shelf view" class="shelf">
</a></li>
<li><a class="listActive" href="#" title="Change to list view">
</a></li>
</ul>
</div>
</td>
</tr></table>
</div>
</div>
<div class="dropbelow"></div>
</div>



<div class="dropbelow"></div>
<script language="javascript">
subMenuSelect('1214921924776');
strollToPosition('');
</script>

<!-- JSPPAGENAME:viewtemplate.jsp -->


<script type="text/javascript">
var frameurl = window.location.href;
if(window.parent.frames[0])
{
if(window.parent.frames[0].setAccess5)
{
window.parent.frames[0].setAccess5(frameurl);
}
}
</script>

<div id="footer">








<div id="footer">
<div id="ft-menuandasda">
<!--  STARTS :: SERVED BY PAGE CACHE :: STARTS ==/com/walmart/droplet/pagecache/ASDAEstoreNonProductPageCache<br>CACHE KEY  == Footer_1<br> --><script type="text/javascript">

        function NewAskAmy(){
        window.open("http://help24.creativevirtual.com/asda/bot.htm?isJSEnabled=1","bcwindow","width=611,height=500,resizable=no,location=no");
	   }

    </script>



<div style="PADDING-BOTTOM: 10px; PADDING-LEFT: 0px; PADDING-RIGHT: 0px; PADDING-TOP: 10px" id="footer">
<div id="ft-menuandasda">
<div id="ft-aboutusv1">
<h4 class="v1">About Us</h4>
<ul>
    <li><a target="_top" href="http://www.asda.co.uk/corp/storelocator_frameset/storelocator_frameset.htm">Find a Store</a> </li>
    <li><a target="_top" href="http://www.about-asda.com">About ASDA</a> </li>
    <li><a target="_top" href="http://www.asda.jobs">Working with Us</a> </li>
    <li><a target="_top" href="http://www.about-asda.com/communities">In the Community</a> </li>
</ul>
</div>
<div id="ft-helpv1" align="center"><!--edited by mike o 13052009-->
<h4><a onclick="NewAskAmy();" href="#">Need help?</a></h4>
<div id="help_amy"><a onclick="NewAskAmy();"><img border="0" alt="Need help? Ask ASDA" src="https://i2-groceries.asda.com:443/images/footer/ask_asda.gif.png" /></a></div>
</div>
<div id="ft-stayintouchv1">
<h4 class="v1">Handy Links</h4>
<ul>
    <li><a target="_top" href="/asda-estore/help/getintouchcontainer.jsp">Contact Us</a> </li>
</ul>
<div class="dropbelow"></div>
</div>
<div class="dropbelow"></div>
</div>
</div><!--  ENDS :: SERVED BY PAGE CACHE :: ENDS  --><!-- JSPPAGENAME:asdacontentinclude.jsp -->
<div class="dropbelow"></div>
</div>
<div class="dropbelow"></div>
<div id="ft-lastnav">
<ul>
<!--  STARTS :: SERVED BY PAGE CACHE :: STARTS ==/com/walmart/droplet/pagecache/ASDAEstoreNonProductPageCache<br>CACHE KEY  == Footer_2<br> --><li id="ftln-opt01">&copy; ASDA 2011 </li>
<li class="ftln-last"><a class="ft-lastnavv1" target="_blank" href="http://www.asda.co.uk/corp/help/how_to_%20affiliate.html">Become an Affiliate&nbsp;</a> &nbsp;</li>

<iframe src="javascript:'';" id="ecos_iframe" style="position:absolute; left: 0; top: 0; width: 1px; height: 1px; visibility: hidden;" title=""></iframe><iframe src="javascript:'';" id="ecos_iframe2" style="position:absolute; left: 0; top: 0; width: 1px; height: 1px; visibility: hidden;" title=""></iframe><div id="ecos_surveylayer" style="position:absolute; left: 0; top: 0; width: 1px; height: 1px; visibility: hidden;" title="Visitor Survey (dynamically generated)"></div><script language="Javascript" type="text/javascript">
<!--
/*** eDigitalSurvey survey code v5.0.10 *******/
/* Copyright (c) 2010 eDigitalResearch Ltd   */
/* Please refer to our Terms & Conditions    */
/* for conditions of use.                    */
/* Do NOT modify this code unless directed   */
/* to do so by a member of eDigitalResearch  */
/* staff.                                    */
/*********************************************/

var cookie_firstparty = true; /*change to 'false' to not use first-party cookies */

var ecos_data = '';
var ecos_data2 = '';
var ecos_data3 = '';
var ecos_test = 0;

var ecos_sid = 375780843;
var ecos_host = 'ecustomeropinions.com';
var ecos_vault = 'vi42';
var ecos_ver = '5010';
var ecos_nc = '';
var ecos_go = 0;
var ecos_pu = 0;
var ecos_hm = 0;
var ecos_pm = 0;
var ecos_survey_size_x = 550;
var ecos_survey_size_y = 400;
var ecos_jscode = '';
var ecos_runjs = 'ecos_run();';
var ecos_proportion = 1.0;

var brok = false;
if (parseInt(navigator.appVersion.charAt(0)) >= 4)
	brok = true;


function ecos_buildurl(destpage) {
	var ecos_url = ecos_host + '/survey/' + destpage + '.php?sid=' + ecos_sid;

	ecos_url = ((document.location.protocol == 'https:') ? 'https://' : 'http://') + ecos_url;

	if (ecos_test > 0)
		ecos_url = ecos_url + '&test=1';

	ecos_url += '&v=' + ecos_ver + '&r=' + Math.round(Math.random() * 100000);
	if (ecos_vault.index != '_')
		ecos_url += '&vlt=' + ecos_vault;

	var myvar2 = '';
	myvar = window.location.href;

	var icount = 0;
	for (i=0; i<myvar.length; i++) {
		if (myvar.charAt(i) == '/')
			icount++;
		if (icount >= 3)
			myvar2 += myvar.charAt(i);
	};

	if (ecos_data.length > 0)	ecos_url += '&data=' + ecos_data;
	if (ecos_data2.length > 0)	ecos_url += '&data2=' + ecos_data2;
	if (ecos_data3.length > 0)	ecos_url += '&data3=' + ecos_data3;

	if ((screen.width > 0) && (screen.height > 0))
		ecos_url += '&xres=' + screen.width + '&yres=' + screen.height;

	if (screen.colordepth > 0)
		ecos_url += '&depth=' + screen.colordepth;

	if (ecos_proportion < 1.0) ecos_url += '&mult=' + ecos_proportion;
	ecos_url += '&url=' + escape(myvar2.substring(0,100));
	ecos_url += '&referrer=' + escape(document.referrer.substring(0,100));

	var ck;
	if (ck = ecos_getcookie('ecos'))
		ecos_url += '&ecos_cookie=' + ck;

	if (navigator.userAgent.indexOf("Safari") >= 0)
		ecos_url += '&fullurl=' + escape(window.location.href);

	return ecos_url;
};


function ecos_popup_popup() {

	var ua = navigator.userAgent;
	if ((ua.indexOf('NT 5.1') > 0) && (ua.indexOf(' SV1') > 0))
		return false;

	var sw = window.open(ecos_buildurl('survey'), 'surveywin', 'location=0,toolbar=no,width=' + ecos_survey_size_x + ',height=' + ecos_survey_size_y + ',directories=no,status=no,scrollbars=yes,resizable=yes');

	if ((ecos_pu) && (sw)) {
		sw.blur();
		sw.parent.blur();
	}

	return sw;
}


function ecos_popup_layer() {
	if (!document.getElementById)
		return false;

	var url = ecos_buildurl('layer') + '&inlayer=1';

	if (document.location.hostname != document.domain) {
		el = document.createElement('script');
		el.src = url;
		el.type = 'text/javascript';
		document.getElementsByTagName('head')[0].appendChild(el);
	} else {
		var t = '<SCR' + 'IPT LANGUAGE="Javascript" SRC="' + url + '"></SCR' + 'IPT>';
		var b, a = document.getElementById("ecos_iframe2");
		if (a.contentDocument)
			b = a.contentDocument;
		else if (a.contentWindow)
			b = a.contentWindow.document;
		else if (a.document)
			b = a.document;
		else
			return false;
		b.open();
		b.write(t);
		b.close();
	}

	return true;
}


function ecos_layer_run() {
	eval(ecos_jscode);
}

function ecos_getcookie(name)
{
	var cks = document.cookie.split(';');
	for (var i = 0; i < cks.length; i++)
	{
		var c = cks[i];
		while (c.charAt(0) == ' ') c = c.substring(1, c.length);
		if (c.indexOf(name + '=') == 0) return c.substring(name.length+1, c.length);
	}
	return '';
}

function ecos_layer_gono(delay) {
	if(delay > 0)
	        setTimeout("ecos_layer_gono()", delay);
	else
	        document.getElementById('ecos_surveylayer').style.visibility = 'hidden';
};


function ecos_layer_gosurveysize() {
	ecos_layer_gono();
	var full_survey_url = ecos_buildurl('survey') + '&doneperm=1';
	sw = window.open(full_survey_url, 'surveywin',
		'location=0,toolbar=no,width=' + ecos_survey_size_x + ',height=' + ecos_survey_size_y + ',directories=no,status=no,scrollbars=yes,resizable=yes');
	if ((ecos_pu) && (sw)) {
		sw.blur();
		sw.parent.blur();
	}
	return sw;
};


function ecos_layer_golater() {
	sw = ecos_layer_gosurveysize();
	if (sw) {
		sw.blur();
		sw.parent.blur();
	}
	return sw;
};


var runcounter = 0;
function ecos_popup() {

	if (document.getElementById)
		if (!document.getElementById("ecos_iframe"))
			if (runcounter < 10) {
				runcounter++;
				setTimeout('ecos_popup()', 100);
				return;
			};

	if (ecos_go) {

		switch (ecos_pm) {
		case 0 : ecos_popup_popup(); break;
		case 1 : ecos_popup_layer(); break;
		case 2 : if (!ecos_popup_popup()) ecos_popup_layer(); break;
		case 3 : if (!ecos_popup_layer()) ecos_popup_popup();
		};
	};
};


function ecos_run() {
	if (ecos_go) {
		if (ecos_hm == 0)
			ecos_popup();
		else if ((ecos_hm == 1) && (brok)) {
			ecos_pm = 0;
			window.onunload = ecos_popup;
		};
	};
};


function ecos_i() {
	eval(ecos_runjs);
	var dt = new Date();
	if (ecos_nc != '' && cookie_firstparty)
	{
		var ck = ecos_getcookie('ecos');
		if (ck == '')
			ck = escape(ecos_nc);
		else
		{
			var cksid = ecos_nc.split('-', 2)[0];
			var ckre = new RegExp(cksid + '-\\d+');
			var ckmatches = ck.match(ckre);
			if ((!ckmatches) || ckmatches.length == 0)
				ck = ck + '.' + escape(ecos_nc);
			else
				ck = ck.replace(ckre, escape(ecos_nc));
		}
		dt.setDate(dt.getDate() + 7300);
		document.cookie = 'ecos=' + ck + ';path=/;expires=' + dt.toGMTString();
	}
};


var runcounter2 = 0;
function ecos_load() {
	var a, b;
	if (!(a = document.getElementById("ecos_iframe"))) {
		if (++runcounter2 < 10)
			setTimeout('ecos_load()', 100);
		return;
	};

	if (document.location.hostname != document.domain) {
		el = document.createElement('script');
		el.src = ecos_buildurl('i');
		el.type = 'text/javascript';
		document.getElementsByTagName('head')[0].appendChild(el);
	} else {
		var t = '<SCR' + 'IPT LANGUAGE="Javascript" SRC="' + ecos_buildurl('i') + '"></SCR' + 'IPT>';
		if (a.contentDocument)
			b = a.contentDocument;
		else if (a.contentWindow)
			b = a.contentWindow.document;
		else if (a.document)
			b = a.document;
		if (b) {
			b.open();
			b.write(t);
			b.close();
		};
	}
};

var ecos_allow = ecos_getcookie('ecos_allow');
if (document.location.toString().match('ECOS_SHOW_SURVEY')) {
	ecos_allow = 'y';
} else {
	if (ecos_allow.length < 1) {
		if (ecos_proportion < 1.0) {
			ecos_allow = (Math.random() < ecos_proportion) ? 'y' : 'n';
			document.cookie = 'ecos_allow=' + ecos_allow + ';path=/';
		} else {
			ecos_allow = 'y';
		}
	}
}
if (ecos_allow == 'y') {
if ((document.getElementById) && (window.frames)) {
	ecos_load();
} else {
	ecos_img = new Image;
	ecos_img.src = ecos_buildurl('i') + '&nosup=1';
}}


// -->
</script><noscript><img src="https://ecustomeropinions.com/survey/img.php?sid=375780843&amp;nojs=1" border="0" width="1" height="1" alt="" /><a href="https://ecustomeropinions.com/survey/noscript.php?sid=375780843&amp;nojs=1&amp;vlt=vi42" rel="nofollow">We would like your feedback, please fill in our survey</a></noscript><!--  ENDS :: SERVED BY PAGE CACHE :: ENDS  --><!-- JSPPAGENAME:asdacontentinclude.jsp -->
<li>
<a href="/asda-estore/common/static/privacy-policycontainer.jsp" class="ft-lastnavv1" target="_top">Privacy Policy
</a></li>
<li>
<a href="/asda-estore/common/static/terms-and-conditionscontainer.jsp" class="ft-lastnavv1" target="_top">Terms &amp; Conditions
</a></li>
<li>
<a href="/asda-estore/common/static/accessibilitycontainer.jsp" class="ft-lastnavv1" target="_top">Accessibility
</a></li>
</ul>
<div id="ft-noplacelikeASDAv1" class="hideoffscreen" title=""><span>ASDA SAVING YOU MONEY EVERYDAY</span></div>
<div class="dropbelow"></div>
</div>
</div>


<!-- INSTANCE = None -->
<!-- Release verison is : -ReleaseVersion- "/> -->

<!-- JSPPAGENAME:asdafooterv1contactus.jsp -->

</div>
<script src="http://i.groceries.asda.com:80/js/s_code.js?v1.4" type="text/javascript"> </script>
<script type="text/javascript">
//<![CDATA[
if(typeof sIFR == "function"){
sifrCallOut();
};
//]]>
</script>




<script language="JavaScript" type="text/javascript">s.channel="Browse Products";s.pageName="Product Range Page ";s.zip="";s.prop2="";s.prop3="Frozen Fish & Seafood";s.prop4="";s.prop5="";/************* DO NOT ALTER ANYTHING BELOW THIS LINE ! **************/var s_code=s.t();if(s_code)document.write(s_code)//--></script><script language='JavaScript' type='text/javascript'><!-- if(navigator.appVersion.indexOf('MSIE')>=0)document.write(unescape('%3C')+'\!-'+'-')//--></script><noscript><a href='http://www.omniture.com' title='Web Analytics'><img src='http://omniture.groceries.asda.com/b/ss/wmieasdaprod,wmiasdaglobal/1/H.15--NS/0' height='1' width='1' border='0' alt='' /> </a></noscript><!--/DO NOT REMOVE/--><!-- End SiteCatalyst code version: H.14. -->



</body>
</html>


<!-- JSPPAGENAME:emerchandising_range.jsp -->
